<?xml version="1.0" encoding="UTF-8"?>
<marc:collection xmlns:marc="http://www.loc.gov/MARC21/slim">
<marc:record>
		<marc:leader>00000nam a2200000 a 4500</marc:leader>
		<marc:controlfield tag="001">CG_1_2019-12-08T10:23:41.073Z</marc:controlfield>
		<marc:controlfield tag="003">DE-101</marc:controlfield>
		<marc:datafield ind2=" " ind1=" " tag="035">
			   <marc:subfield code="a">(AT-OBV)990034557380203331</marc:subfield>
			   <marc:subfield code="8">7\p</marc:subfield>
		</marc:datafield>
		<marc:datafield ind2=" " ind1=" " tag="035">
			   <marc:subfield code="a">(DE-101)962757837</marc:subfield>
			   <marc:subfield code="8">6\p</marc:subfield>
		</marc:datafield>
		<marc:datafield ind2=" " ind1=" " tag="035">
			   <marc:subfield code="a">(DE-602)b3kat_BV013958169</marc:subfield>
			   <marc:subfield code="8">9\p</marc:subfield>
		</marc:datafield>
		<marc:datafield ind2=" " ind1=" " tag="035">
			   <marc:subfield code="a">(DE-602)b3kat_BV026396887</marc:subfield>
			   <marc:subfield code="8">4\p</marc:subfield>
		</marc:datafield>
		<marc:datafield ind2=" " ind1=" " tag="035">
			   <marc:subfield code="a">(DE-603)100561535</marc:subfield>
			   <marc:subfield code="8">2\p</marc:subfield>
		</marc:datafield>
		<marc:datafield ind2=" " ind1=" " tag="035">
			   <marc:subfield code="a">(DE-604)BV013958169</marc:subfield>
			   <marc:subfield code="8">8\p</marc:subfield>
		</marc:datafield>
		<marc:datafield ind2=" " ind1=" " tag="035">
			   <marc:subfield code="a">(DE-605)HT013317056</marc:subfield>
			   <marc:subfield code="8">1\p</marc:subfield>
		</marc:datafield>
		<marc:datafield ind2=" " ind1=" " tag="035">
			   <marc:subfield code="a">(DE-627)1624610595</marc:subfield>
			   <marc:subfield code="8">3\p</marc:subfield>
		</marc:datafield>
		<marc:datafield ind2=" " ind1=" " tag="035">
			   <marc:subfield code="a">(DE-627)334936187</marc:subfield>
			   <marc:subfield code="8">5\p</marc:subfield>
		</marc:datafield>
		<marc:datafield ind2=" " ind1="0" tag="082">
			   <marc:subfield code="a">784.190938</marc:subfield>
			   <marc:subfield code="8">3\p</marc:subfield>
			   <marc:subfield code="8">5\p</marc:subfield>
			   <marc:subfield code="8">8\p</marc:subfield>
			   <marc:subfield code="8">9\p</marc:subfield>
		</marc:datafield>
		<marc:datafield ind2=" " ind1="7" tag="082">
			   <marc:subfield code="a">784.190938</marc:subfield>
			   <marc:subfield code="2">oc/lc</marc:subfield>
			   <marc:subfield code="8">2\p</marc:subfield>
		</marc:datafield>
		<marc:datafield ind2=" " ind1=" " tag="084">
			   <marc:subfield code="a">LG 8100</marc:subfield>
			   <marc:subfield code="2">rvk</marc:subfield>
			   <marc:subfield code="0">(DE-625)92178:</marc:subfield>
			   <marc:subfield code="0">(DE-603)409869988</marc:subfield>
			   <marc:subfield code="8">2\p</marc:subfield>
		</marc:datafield>
		<marc:datafield ind2=" " ind1=" " tag="084">
			   <marc:subfield code="a">NH 6880</marc:subfield>
			   <marc:subfield code="2">rvk</marc:subfield>
			   <marc:subfield code="0">(DE-625)125756:</marc:subfield>
			   <marc:subfield code="0">(DE-603)410885703</marc:subfield>
			   <marc:subfield code="8">2\p</marc:subfield>
		</marc:datafield>
		<marc:datafield ind2=" " ind1=" " tag="084">
			   <marc:subfield code="a">24.50</marc:subfield>
			   <marc:subfield code="9">Historische Musikwissenschaft</marc:subfield>
			   <marc:subfield code="2">bkl</marc:subfield>
			   <marc:subfield code="8">5\p</marc:subfield>
		</marc:datafield>
		<marc:datafield ind2=" " ind1=" " tag="084">
			   <marc:subfield code="a">15.17</marc:subfield>
			   <marc:subfield code="9">Klassische Archäologie</marc:subfield>
			   <marc:subfield code="2">bkl</marc:subfield>
			   <marc:subfield code="8">5\p</marc:subfield>
		</marc:datafield>
		<marc:datafield ind2=" " ind1=" " tag="084">
			   <marc:subfield code="a">15.07</marc:subfield>
			   <marc:subfield code="9">Kulturgeschichte</marc:subfield>
			   <marc:subfield code="2">bkl</marc:subfield>
			   <marc:subfield code="8">5\p</marc:subfield>
		</marc:datafield>
		<marc:datafield ind2=" " ind1=" " tag="084">
			   <marc:subfield code="a">15.07</marc:subfield>
			   <marc:subfield code="2">bkl</marc:subfield>
			   <marc:subfield code="8">7\p</marc:subfield>
		</marc:datafield>
		<marc:datafield ind2=" " ind1=" " tag="084">
			   <marc:subfield code="a">15.17</marc:subfield>
			   <marc:subfield code="2">bkl</marc:subfield>
			   <marc:subfield code="8">7\p</marc:subfield>
		</marc:datafield>
		<marc:datafield ind2=" " ind1=" " tag="084">
			   <marc:subfield code="a">24.50</marc:subfield>
			   <marc:subfield code="2">bkl</marc:subfield>
			   <marc:subfield code="8">7\p</marc:subfield>
		</marc:datafield>
		<marc:datafield ind2=" " ind1=" " tag="084">
			   <marc:subfield code="a">FB 4019</marc:subfield>
			   <marc:subfield code="2">rvk</marc:subfield>
			   <marc:subfield code="8">7\p</marc:subfield>
			   <marc:subfield code="8">8\p</marc:subfield>
			   <marc:subfield code="8">9\p</marc:subfield>
		</marc:datafield>
		<marc:datafield ind2=" " ind1=" " tag="084">
			   <marc:subfield code="a">LG 8100</marc:subfield>
			   <marc:subfield code="2">rvk</marc:subfield>
			   <marc:subfield code="8">3\p</marc:subfield>
			   <marc:subfield code="8">4\p</marc:subfield>
			   <marc:subfield code="8">7\p</marc:subfield>
			   <marc:subfield code="8">8\p</marc:subfield>
			   <marc:subfield code="8">9\p</marc:subfield>
		</marc:datafield>
		<marc:datafield ind2=" " ind1=" " tag="084">
			   <marc:subfield code="a">LG 8100</marc:subfield>
			   <marc:subfield code="q">BVB</marc:subfield>
			   <marc:subfield code="2">rvk</marc:subfield>
			   <marc:subfield code="8">5\p</marc:subfield>
		</marc:datafield>
		<marc:datafield ind2=" " ind1=" " tag="084">
			   <marc:subfield code="a">LQ 88600</marc:subfield>
			   <marc:subfield code="2">rvk</marc:subfield>
			   <marc:subfield code="8">7\p</marc:subfield>
			   <marc:subfield code="8">8\p</marc:subfield>
			   <marc:subfield code="8">9\p</marc:subfield>
		</marc:datafield>
		<marc:datafield ind2=" " ind1=" " tag="084">
			   <marc:subfield code="a">LR 11121</marc:subfield>
			   <marc:subfield code="2">rvk</marc:subfield>
			   <marc:subfield code="8">8\p</marc:subfield>
			   <marc:subfield code="8">9\p</marc:subfield>
		</marc:datafield>
		<marc:datafield ind2=" " ind1=" " tag="084">
			   <marc:subfield code="a">LR 11121</marc:subfield>
			   <marc:subfield code="q">BVB</marc:subfield>
			   <marc:subfield code="2">rvk</marc:subfield>
			   <marc:subfield code="8">5\p</marc:subfield>
		</marc:datafield>
		<marc:datafield ind2=" " ind1=" " tag="084">
			   <marc:subfield code="a">LS 16200</marc:subfield>
			   <marc:subfield code="2">rvk</marc:subfield>
			   <marc:subfield code="8">3\p</marc:subfield>
		</marc:datafield>
		<marc:datafield ind2=" " ind1=" " tag="084">
			   <marc:subfield code="a">LS 16200</marc:subfield>
			   <marc:subfield code="q">BSZ</marc:subfield>
			   <marc:subfield code="2">rvk</marc:subfield>
			   <marc:subfield code="8">5\p</marc:subfield>
		</marc:datafield>
		<marc:datafield ind2=" " ind1=" " tag="084">
			   <marc:subfield code="a">LS 30100</marc:subfield>
			   <marc:subfield code="2">rvk</marc:subfield>
			   <marc:subfield code="8">7\p</marc:subfield>
			   <marc:subfield code="8">8\p</marc:subfield>
			   <marc:subfield code="8">9\p</marc:subfield>
		</marc:datafield>
		<marc:datafield ind2=" " ind1=" " tag="084">
			   <marc:subfield code="a">NH 6880</marc:subfield>
			   <marc:subfield code="2">rvk</marc:subfield>
			   <marc:subfield code="8">7\p</marc:subfield>
			   <marc:subfield code="8">8\p</marc:subfield>
			   <marc:subfield code="8">9\p</marc:subfield>
		</marc:datafield>
		<marc:datafield ind2=" " ind1=" " tag="084">
			   <marc:subfield code="a">NH 6880</marc:subfield>
			   <marc:subfield code="q">BVB</marc:subfield>
			   <marc:subfield code="2">rvk</marc:subfield>
			   <marc:subfield code="8">5\p</marc:subfield>
		</marc:datafield>
		<marc:datafield ind2=" " ind1=" " tag="084">
			   <marc:subfield code="a">60</marc:subfield>
			   <marc:subfield code="a">13</marc:subfield>
			   <marc:subfield code="a">48</marc:subfield>
			   <marc:subfield code="a">56</marc:subfield>
			   <marc:subfield code="a">900</marc:subfield>
			   <marc:subfield code="a">930</marc:subfield>
			   <marc:subfield code="q">DE-101</marc:subfield>
			   <marc:subfield code="2">sdnb</marc:subfield>
			   <marc:subfield code="8">6\p</marc:subfield>
		</marc:datafield>
		<marc:datafield ind2=" " ind1=" " tag="084">
			   <marc:subfield code="a">60</marc:subfield>
			   <marc:subfield code="a">13</marc:subfield>
			   <marc:subfield code="a">48</marc:subfield>
			   <marc:subfield code="a">56</marc:subfield>
			   <marc:subfield code="q">DE-101</marc:subfield>
			   <marc:subfield code="2">sdnb</marc:subfield>
			   <marc:subfield code="8">2\p</marc:subfield>
		</marc:datafield>
		<marc:datafield ind2=" " ind1=" " tag="084">
			   <marc:subfield code="a">16.3</marc:subfield>
			   <marc:subfield code="a">13.1c</marc:subfield>
			   <marc:subfield code="a">3.1</marc:subfield>
			   <marc:subfield code="q">DE-101</marc:subfield>
			   <marc:subfield code="2">sdnb</marc:subfield>
			   <marc:subfield code="8">2\p</marc:subfield>
		</marc:datafield>
		<marc:datafield ind2=" " ind1=" " tag="084">
			   <marc:subfield code="a">48</marc:subfield>
			   <marc:subfield code="a">63</marc:subfield>
			   <marc:subfield code="2">sdnb</marc:subfield>
			   <marc:subfield code="8">3\p</marc:subfield>
		</marc:datafield>
		<marc:datafield ind2=" " ind1=" " tag="084">
			   <marc:subfield code="a">60</marc:subfield>
			   <marc:subfield code="2">sdnb</marc:subfield>
			   <marc:subfield code="8">5\p</marc:subfield>
		</marc:datafield>
		<marc:datafield ind2=" " ind1=" " tag="084">
			   <marc:subfield code="a">6,11</marc:subfield>
			   <marc:subfield code="2">ssgn</marc:subfield>
			   <marc:subfield code="8">8\p</marc:subfield>
			   <marc:subfield code="8">9\p</marc:subfield>
		</marc:datafield>
		<marc:datafield ind2=" " ind1=" " tag="084">
			   <marc:subfield code="a">6,11</marc:subfield>
			   <marc:subfield code="a">6,12</marc:subfield>
			   <marc:subfield code="a">6,15</marc:subfield>
			   <marc:subfield code="a">9,2</marc:subfield>
			   <marc:subfield code="2">ssgn</marc:subfield>
			   <marc:subfield code="8">5\p</marc:subfield>
		</marc:datafield>
		<marc:datafield ind2=" " ind1=" " tag="084">
			   <marc:subfield code="a">6,12</marc:subfield>
			   <marc:subfield code="2">ssgn</marc:subfield>
			   <marc:subfield code="8">8\p</marc:subfield>
			   <marc:subfield code="8">9\p</marc:subfield>
		</marc:datafield>
		<marc:datafield ind2=" " ind1=" " tag="084">
			   <marc:subfield code="a">6,15</marc:subfield>
			   <marc:subfield code="2">ssgn</marc:subfield>
			   <marc:subfield code="8">8\p</marc:subfield>
			   <marc:subfield code="8">9\p</marc:subfield>
		</marc:datafield>
		<marc:datafield ind2=" " ind1=" " tag="084">
			   <marc:subfield code="a">9,2</marc:subfield>
			   <marc:subfield code="2">ssgn</marc:subfield>
			   <marc:subfield code="8">8\p</marc:subfield>
			   <marc:subfield code="8">9\p</marc:subfield>
		</marc:datafield>
		<marc:datafield ind2=" " ind1=" " tag="084">
			   <marc:subfield code="a">16.3</marc:subfield>
			   <marc:subfield code="a">13.1c</marc:subfield>
			   <marc:subfield code="a">3.1</marc:subfield>
			   <marc:subfield code="q">DE-101</marc:subfield>
			   <marc:subfield code="2">sswd</marc:subfield>
			   <marc:subfield code="8">6\p</marc:subfield>
		</marc:datafield>
		<marc:datafield ind2=" " ind1="1" tag="100">
			   <marc:subfield code="0">(DE-588)123225965</marc:subfield>
			   <marc:subfield code="0">http://d-nb.info/gnd/123225965</marc:subfield>
			   <marc:subfield code="0">(DE-101)123225965</marc:subfield>
			   <marc:subfield code="a">Zschätzsch, Anemone</marc:subfield>
			   <marc:subfield code="e">Verfasser</marc:subfield>
			   <marc:subfield code="4">aut</marc:subfield>
			   <marc:subfield code="8">6\p</marc:subfield>
		</marc:datafield>
		<marc:datafield ind2=" " ind1="1" tag="100">
			   <marc:subfield code="a">Zschätzsch, Anemone</marc:subfield>
			   <marc:subfield code="0">(DE-588)123225965</marc:subfield>
			   <marc:subfield code="0">(DE-603)154197246</marc:subfield>
			   <marc:subfield code="8">2\p</marc:subfield>
		</marc:datafield>
		<marc:datafield ind2=" " ind1="1" tag="100">
			   <marc:subfield code="a">Zschätzsch, Anemone</marc:subfield>
			   <marc:subfield code="0">(DE-588)123225965</marc:subfield>
			   <marc:subfield code="4">aut</marc:subfield>
			   <marc:subfield code="8">7\p</marc:subfield>
		</marc:datafield>
		<marc:datafield ind2=" " ind1="1" tag="100">
			   <marc:subfield code="a">Zschätzsch, Anemone</marc:subfield>
			   <marc:subfield code="e">Verfasser</marc:subfield>
			   <marc:subfield code="0">(DE-588)123225965</marc:subfield>
			   <marc:subfield code="4">aut</marc:subfield>
			   <marc:subfield code="8">1\p</marc:subfield>
			   <marc:subfield code="8">4\p</marc:subfield>
			   <marc:subfield code="8">8\p</marc:subfield>
			   <marc:subfield code="8">9\p</marc:subfield>
		</marc:datafield>
		<marc:datafield ind2=" " ind1="1" tag="100">
			   <marc:subfield code="a">Zschätzsch, Anemone</marc:subfield>
			   <marc:subfield code="8">3\p</marc:subfield>
			   <marc:subfield code="8">5\p</marc:subfield>
		</marc:datafield>
		<marc:datafield ind2="7" ind1=" " tag="648">
			   <marc:subfield code="a">Geschichte 600 v. Chr.-400 v. Chr.</marc:subfield>
			   <marc:subfield code="2">gnd</marc:subfield>
			   <marc:subfield code="8">1\p</marc:subfield>
			   <marc:subfield code="8">2\p</marc:subfield>
			   <marc:subfield code="8">4\p</marc:subfield>
			   <marc:subfield code="8">6\p</marc:subfield>
			   <marc:subfield code="8">8\p</marc:subfield>
			   <marc:subfield code="8">9\p</marc:subfield>
		</marc:datafield>
		<marc:datafield ind2="0" ind1=" " tag="650">
			   <marc:subfield code="a">Cults</marc:subfield>
			   <marc:subfield code="a">Greece</marc:subfield>
			   <marc:subfield code="z">Automatisch aus GBV_2011-10 2012-06-07</marc:subfield>
			   <marc:subfield code="8">7\p</marc:subfield>
		</marc:datafield>
		<marc:datafield ind2="0" ind1=" " tag="650">
			   <marc:subfield code="a">Musical instruments, Ancient</marc:subfield>
			   <marc:subfield code="a">Greece</marc:subfield>
			   <marc:subfield code="z">Automatisch aus GBV_2011-10 2012-06-07</marc:subfield>
			   <marc:subfield code="8">7\p</marc:subfield>
		</marc:datafield>
		<marc:datafield ind2="0" ind1=" " tag="650">
			   <marc:subfield code="a">Music and mythology</marc:subfield>
			   <marc:subfield code="z">Automatisch aus GBV_2011-10 2012-06-07</marc:subfield>
			   <marc:subfield code="8">7\p</marc:subfield>
		</marc:datafield>
		<marc:datafield ind2="4" ind1=" " tag="650">
			   <marc:subfield code="a">Cults</marc:subfield>
			   <marc:subfield code="z">Greece</marc:subfield>
			   <marc:subfield code="8">8\p</marc:subfield>
			   <marc:subfield code="8">9\p</marc:subfield>
		</marc:datafield>
		<marc:datafield ind2="4" ind1=" " tag="650">
			   <marc:subfield code="a">Music and mythology</marc:subfield>
			   <marc:subfield code="8">8\p</marc:subfield>
			   <marc:subfield code="8">9\p</marc:subfield>
		</marc:datafield>
		<marc:datafield ind2="4" ind1=" " tag="650">
			   <marc:subfield code="a">Musical instruments, Ancient</marc:subfield>
			   <marc:subfield code="z">Greece</marc:subfield>
			   <marc:subfield code="8">8\p</marc:subfield>
			   <marc:subfield code="8">9\p</marc:subfield>
		</marc:datafield>
		<marc:datafield ind2="4" ind1=" " tag="650">
			   <marc:subfield code="a">Musik</marc:subfield>
			   <marc:subfield code="8">8\p</marc:subfield>
			   <marc:subfield code="8">9\p</marc:subfield>
		</marc:datafield>
		<marc:datafield ind2="4" ind1=" " tag="650">
			   <marc:subfield code="a">Mythology, Greek</marc:subfield>
			   <marc:subfield code="8">8\p</marc:subfield>
			   <marc:subfield code="8">9\p</marc:subfield>
		</marc:datafield>
		<marc:datafield ind2="7" ind1=" " tag="650">
			   <marc:subfield code="0">(DE-588)4021469-2</marc:subfield>
			   <marc:subfield code="0">http://d-nb.info/gnd/4021469-2</marc:subfield>
			   <marc:subfield code="0">(DE-101)040214699</marc:subfield>
			   <marc:subfield code="a">Götter</marc:subfield>
			   <marc:subfield code="2">gnd</marc:subfield>
			   <marc:subfield code="8">6\p</marc:subfield>
		</marc:datafield>
		<marc:datafield ind2="7" ind1=" " tag="650">
			   <marc:subfield code="0">(DE-588)4071507-3</marc:subfield>
			   <marc:subfield code="0">http://d-nb.info/gnd/4071507-3</marc:subfield>
			   <marc:subfield code="0">(DE-101)040715078</marc:subfield>
			   <marc:subfield code="a">Funde</marc:subfield>
			   <marc:subfield code="2">gnd</marc:subfield>
			   <marc:subfield code="8">6\p</marc:subfield>
		</marc:datafield>
		<marc:datafield ind2="7" ind1=" " tag="650">
			   <marc:subfield code="0">(DE-588)4132192-3</marc:subfield>
			   <marc:subfield code="0">http://d-nb.info/gnd/4132192-3</marc:subfield>
			   <marc:subfield code="0">(DE-101)041321928</marc:subfield>
			   <marc:subfield code="a">Musikinstrument</marc:subfield>
			   <marc:subfield code="g">Motiv</marc:subfield>
			   <marc:subfield code="2">gnd</marc:subfield>
			   <marc:subfield code="8">6\p</marc:subfield>
		</marc:datafield>
		<marc:datafield ind2="7" ind1=" " tag="650">
			   <marc:subfield code="a">Götter</marc:subfield>
			   <marc:subfield code="2">gnd</marc:subfield>
			   <marc:subfield code="0">(DE-588)4021469-2</marc:subfield>
			   <marc:subfield code="0">(DE-603)085052477</marc:subfield>
			   <marc:subfield code="8">2\p</marc:subfield>
		</marc:datafield>
		<marc:datafield ind2="7" ind1=" " tag="650">
			   <marc:subfield code="a">Funde</marc:subfield>
			   <marc:subfield code="2">gnd</marc:subfield>
			   <marc:subfield code="0">(DE-588)4071507-3</marc:subfield>
			   <marc:subfield code="0">(DE-603)085201480</marc:subfield>
			   <marc:subfield code="8">2\p</marc:subfield>
		</marc:datafield>
		<marc:datafield ind2="7" ind1=" " tag="650">
			   <marc:subfield code="a">Musikinstrument</marc:subfield>
			   <marc:subfield code="g">Motiv</marc:subfield>
			   <marc:subfield code="2">gnd</marc:subfield>
			   <marc:subfield code="0">(DE-588)4132192-3</marc:subfield>
			   <marc:subfield code="0">(DE-603)085474584</marc:subfield>
			   <marc:subfield code="8">2\p</marc:subfield>
		</marc:datafield>
		<marc:datafield ind2="7" ind1=" " tag="650">
			   <marc:subfield code="a">Cultus</marc:subfield>
			   <marc:subfield code="2">gtt</marc:subfield>
			   <marc:subfield code="8">8\p</marc:subfield>
			   <marc:subfield code="8">9\p</marc:subfield>
		</marc:datafield>
		<marc:datafield ind2="7" ind1=" " tag="650">
			   <marc:subfield code="a">Griekse oudheid</marc:subfield>
			   <marc:subfield code="2">gtt</marc:subfield>
			   <marc:subfield code="8">8\p</marc:subfield>
			   <marc:subfield code="8">9\p</marc:subfield>
		</marc:datafield>
		<marc:datafield ind2="7" ind1=" " tag="650">
			   <marc:subfield code="a">Muziek</marc:subfield>
			   <marc:subfield code="2">gtt</marc:subfield>
			   <marc:subfield code="8">8\p</marc:subfield>
			   <marc:subfield code="8">9\p</marc:subfield>
		</marc:datafield>
		<marc:datafield ind2="7" ind1=" " tag="650">
			   <marc:subfield code="a">Mythen</marc:subfield>
			   <marc:subfield code="2">gtt</marc:subfield>
			   <marc:subfield code="8">8\p</marc:subfield>
			   <marc:subfield code="8">9\p</marc:subfield>
		</marc:datafield>
		<marc:datafield ind2="7" ind1="0" tag="650">
			   <marc:subfield code="a">Götter</marc:subfield>
			   <marc:subfield code="0">(DE-588)4021469-2</marc:subfield>
			   <marc:subfield code="2">gnd</marc:subfield>
			   <marc:subfield code="8">1\p</marc:subfield>
			   <marc:subfield code="8">4\p</marc:subfield>
			   <marc:subfield code="8">8\p</marc:subfield>
			   <marc:subfield code="8">9\p</marc:subfield>
		</marc:datafield>
		<marc:datafield ind2="7" ind1="0" tag="650">
			   <marc:subfield code="a">Funde</marc:subfield>
			   <marc:subfield code="0">(DE-588)4071507-3</marc:subfield>
			   <marc:subfield code="2">gnd</marc:subfield>
			   <marc:subfield code="8">1\p</marc:subfield>
			   <marc:subfield code="8">4\p</marc:subfield>
			   <marc:subfield code="8">8\p</marc:subfield>
			   <marc:subfield code="8">9\p</marc:subfield>
		</marc:datafield>
		<marc:datafield ind2="7" ind1="0" tag="650">
			   <marc:subfield code="a">Musikinstrument</marc:subfield>
			   <marc:subfield code="9">g:Motiv</marc:subfield>
			   <marc:subfield code="0">(DE-588)4132192-3</marc:subfield>
			   <marc:subfield code="2">gnd</marc:subfield>
			   <marc:subfield code="8">4\p</marc:subfield>
			   <marc:subfield code="8">8\p</marc:subfield>
			   <marc:subfield code="8">9\p</marc:subfield>
		</marc:datafield>
		<marc:datafield ind2="7" ind1="0" tag="650">
			   <marc:subfield code="a">Musikinstrument</marc:subfield>
			   <marc:subfield code="g">Motiv</marc:subfield>
			   <marc:subfield code="0">(DE-588)4132192-3</marc:subfield>
			   <marc:subfield code="2">gnd</marc:subfield>
			   <marc:subfield code="8">1\p</marc:subfield>
		</marc:datafield>
		<marc:datafield ind2="4" ind1=" " tag="651">
			   <marc:subfield code="a">Greece</marc:subfield>
			   <marc:subfield code="x">Religious life and customs</marc:subfield>
			   <marc:subfield code="8">8\p</marc:subfield>
			   <marc:subfield code="8">9\p</marc:subfield>
		</marc:datafield>
		<marc:datafield ind2="4" ind1=" " tag="651">
			   <marc:subfield code="a">Griechenland</marc:subfield>
			   <marc:subfield code="8">8\p</marc:subfield>
			   <marc:subfield code="8">9\p</marc:subfield>
		</marc:datafield>
		<marc:datafield ind2="4" ind1=" " tag="651">
			   <marc:subfield code="a">Griechenland (Altertum)</marc:subfield>
			   <marc:subfield code="8">8\p</marc:subfield>
			   <marc:subfield code="8">9\p</marc:subfield>
		</marc:datafield>
		<marc:datafield ind2="7" ind1=" " tag="651">
			   <marc:subfield code="0">(DE-588)4093976-5</marc:subfield>
			   <marc:subfield code="0">http://d-nb.info/gnd/4093976-5</marc:subfield>
			   <marc:subfield code="0">(DE-101)040939766</marc:subfield>
			   <marc:subfield code="a">Griechenland</marc:subfield>
			   <marc:subfield code="g">Altertum</marc:subfield>
			   <marc:subfield code="2">gnd</marc:subfield>
			   <marc:subfield code="8">6\p</marc:subfield>
		</marc:datafield>
		<marc:datafield ind2="7" ind1=" " tag="651">
			   <marc:subfield code="a">Griechenland</marc:subfield>
			   <marc:subfield code="g">Altertum</marc:subfield>
			   <marc:subfield code="2">gnd</marc:subfield>
			   <marc:subfield code="0">(DE-588)4093976-5</marc:subfield>
			   <marc:subfield code="0">(DE-603)085263532</marc:subfield>
			   <marc:subfield code="8">2\p</marc:subfield>
		</marc:datafield>
		<marc:datafield ind2="7" ind1=" " tag="651">
			   <marc:subfield code="a">Griechenland</marc:subfield>
			   <marc:subfield code="9">g:Altertum</marc:subfield>
			   <marc:subfield code="0">(DE-588)4093976-5</marc:subfield>
			   <marc:subfield code="2">gnd</marc:subfield>
			   <marc:subfield code="8">4\p</marc:subfield>
			   <marc:subfield code="8">8\p</marc:subfield>
			   <marc:subfield code="8">9\p</marc:subfield>
		</marc:datafield>
		<marc:datafield ind2="7" ind1=" " tag="651">
			   <marc:subfield code="a">Griechenland</marc:subfield>
			   <marc:subfield code="g">Altertum</marc:subfield>
			   <marc:subfield code="0">(DE-588)4093976-5</marc:subfield>
			   <marc:subfield code="2">gnd</marc:subfield>
			   <marc:subfield code="8">1\p</marc:subfield>
		</marc:datafield>
		<marc:datafield ind2="0" ind1=" " tag="653">
			   <marc:subfield code="a">Greece</marc:subfield>
			   <marc:subfield code="8">5\p</marc:subfield>
			   <marc:subfield code="8">5\p</marc:subfield>
		</marc:datafield>
		<marc:datafield ind2="0" ind1=" " tag="653">
			   <marc:subfield code="s">Music and mythology</marc:subfield>
			   <marc:subfield code="8">5\p</marc:subfield>
		</marc:datafield>
		<marc:datafield ind2="7" ind1=" " tag="655">
			   <marc:subfield code="0">(DE-588)4113937-9</marc:subfield>
			   <marc:subfield code="0">http://d-nb.info/gnd/4113937-9</marc:subfield>
			   <marc:subfield code="0">(DE-101)041139372</marc:subfield>
			   <marc:subfield code="a">Hochschulschrift</marc:subfield>
			   <marc:subfield code="2">gnd-content</marc:subfield>
			   <marc:subfield code="8">6\p</marc:subfield>
		</marc:datafield>
		<marc:datafield ind2="7" ind1=" " tag="655">
			   <marc:subfield code="a">Hochschulschrift</marc:subfield>
			   <marc:subfield code="0">(DE-588)4113937-9</marc:subfield>
			   <marc:subfield code="0">(DE-627)105825778</marc:subfield>
			   <marc:subfield code="0">(DE-576)209480580</marc:subfield>
			   <marc:subfield code="2">gnd-content</marc:subfield>
			   <marc:subfield code="8">3\p</marc:subfield>
			   <marc:subfield code="8">5\p</marc:subfield>
		</marc:datafield>
		<marc:datafield ind2="7" ind1=" " tag="655">
			   <marc:subfield code="0">(DE-588)4113937-9</marc:subfield>
			   <marc:subfield code="a">Hochschulschrift</marc:subfield>
			   <marc:subfield code="2">gnd-content</marc:subfield>
			   <marc:subfield code="8">4\p</marc:subfield>
			   <marc:subfield code="8">8\p</marc:subfield>
			   <marc:subfield code="8">9\p</marc:subfield>
		</marc:datafield>
		<marc:datafield ind2=" " ind1="0" tag="689">
			   <marc:subfield code="5">AT-OBV</marc:subfield>
			   <marc:subfield code="5">DDB UBWR33</marc:subfield>
			   <marc:subfield code="8">7\p</marc:subfield>
		</marc:datafield>
		<marc:datafield ind2=" " ind1="0" tag="689">
			   <marc:subfield code="5">DE-101</marc:subfield>
			   <marc:subfield code="8">3\p</marc:subfield>
			   <marc:subfield code="8">5\p</marc:subfield>
		</marc:datafield>
		<marc:datafield ind2=" " ind1="0" tag="689">
			   <marc:subfield code="5">DE-101</marc:subfield>
			   <marc:subfield code="5">DE-101</marc:subfield>
			   <marc:subfield code="8">6\p</marc:subfield>
		</marc:datafield>
		<marc:datafield ind2=" " ind1="0" tag="689">
			   <marc:subfield code="5">DE-604</marc:subfield>
			   <marc:subfield code="8">4\p</marc:subfield>
			   <marc:subfield code="8">8\p</marc:subfield>
			   <marc:subfield code="8">9\p</marc:subfield>
		</marc:datafield>
		<marc:datafield ind2=" " ind1="0" tag="689">
			   <marc:subfield code="5">DE-605</marc:subfield>
			   <marc:subfield code="8">1\p</marc:subfield>
		</marc:datafield>
		<marc:datafield ind2="0" ind1="0" tag="689">
			   <marc:subfield code="0">(DE-588)4093976-5</marc:subfield>
			   <marc:subfield code="0">http://d-nb.info/gnd/4093976-5</marc:subfield>
			   <marc:subfield code="0">(DE-101)040939766</marc:subfield>
			   <marc:subfield code="D">g</marc:subfield>
			   <marc:subfield code="a">Griechenland</marc:subfield>
			   <marc:subfield code="g">Altertum</marc:subfield>
			   <marc:subfield code="8">6\p</marc:subfield>
		</marc:datafield>
		<marc:datafield ind2="0" ind1="0" tag="689">
			   <marc:subfield code="D">g</marc:subfield>
			   <marc:subfield code="0">(DE-588)4093976-5</marc:subfield>
			   <marc:subfield code="0">(DE-627)10481408X</marc:subfield>
			   <marc:subfield code="0">(DE-576)209303867</marc:subfield>
			   <marc:subfield code="a">Griechenland</marc:subfield>
			   <marc:subfield code="g">Altertum</marc:subfield>
			   <marc:subfield code="2">gnd</marc:subfield>
			   <marc:subfield code="8">3\p</marc:subfield>
			   <marc:subfield code="8">5\p</marc:subfield>
		</marc:datafield>
		<marc:datafield ind2="0" ind1="0" tag="689">
			   <marc:subfield code="a">Griechenland</marc:subfield>
			   <marc:subfield code="9">g:Altertum</marc:subfield>
			   <marc:subfield code="0">(DE-588)4093976-5</marc:subfield>
			   <marc:subfield code="D">g</marc:subfield>
			   <marc:subfield code="8">4\p</marc:subfield>
			   <marc:subfield code="8">8\p</marc:subfield>
			   <marc:subfield code="8">9\p</marc:subfield>
		</marc:datafield>
		<marc:datafield ind2="0" ind1="0" tag="689">
			   <marc:subfield code="a">Griechenland</marc:subfield>
			   <marc:subfield code="g">Altertum</marc:subfield>
			   <marc:subfield code="0">(DE-588)4093976-5</marc:subfield>
			   <marc:subfield code="D">g</marc:subfield>
			   <marc:subfield code="8">1\p</marc:subfield>
			   <marc:subfield code="8">7\p</marc:subfield>
		</marc:datafield>
		<marc:datafield ind2="1" ind1="0" tag="689">
			   <marc:subfield code="0">(DE-588)4021469-2</marc:subfield>
			   <marc:subfield code="0">http://d-nb.info/gnd/4021469-2</marc:subfield>
			   <marc:subfield code="0">(DE-101)040214699</marc:subfield>
			   <marc:subfield code="D">s</marc:subfield>
			   <marc:subfield code="a">Götter</marc:subfield>
			   <marc:subfield code="8">6\p</marc:subfield>
		</marc:datafield>
		<marc:datafield ind2="1" ind1="0" tag="689">
			   <marc:subfield code="D">s</marc:subfield>
			   <marc:subfield code="0">(DE-588)4021469-2</marc:subfield>
			   <marc:subfield code="0">(DE-627)106313843</marc:subfield>
			   <marc:subfield code="0">(DE-576)208938125</marc:subfield>
			   <marc:subfield code="a">Götter</marc:subfield>
			   <marc:subfield code="2">gnd</marc:subfield>
			   <marc:subfield code="8">3\p</marc:subfield>
			   <marc:subfield code="8">5\p</marc:subfield>
		</marc:datafield>
		<marc:datafield ind2="1" ind1="0" tag="689">
			   <marc:subfield code="a">Götter</marc:subfield>
			   <marc:subfield code="0">(DE-588)4021469-2</marc:subfield>
			   <marc:subfield code="D">s</marc:subfield>
			   <marc:subfield code="8">1\p</marc:subfield>
			   <marc:subfield code="8">4\p</marc:subfield>
			   <marc:subfield code="8">8\p</marc:subfield>
			   <marc:subfield code="8">9\p</marc:subfield>
		</marc:datafield>
		<marc:datafield ind2="1" ind1="0" tag="689">
			   <marc:subfield code="a">Gottesdarstellung</marc:subfield>
			   <marc:subfield code="D">s</marc:subfield>
			   <marc:subfield code="0">(DE-588)4124919-7</marc:subfield>
			   <marc:subfield code="8">7\p</marc:subfield>
		</marc:datafield>
		<marc:datafield ind2="2" ind1="0" tag="689">
			   <marc:subfield code="0">(DE-588)4132192-3</marc:subfield>
			   <marc:subfield code="0">http://d-nb.info/gnd/4132192-3</marc:subfield>
			   <marc:subfield code="0">(DE-101)041321928</marc:subfield>
			   <marc:subfield code="D">s</marc:subfield>
			   <marc:subfield code="a">Musikinstrument</marc:subfield>
			   <marc:subfield code="g">Motiv</marc:subfield>
			   <marc:subfield code="8">6\p</marc:subfield>
		</marc:datafield>
		<marc:datafield ind2="2" ind1="0" tag="689">
			   <marc:subfield code="D">s</marc:subfield>
			   <marc:subfield code="0">(DE-588)4132192-3</marc:subfield>
			   <marc:subfield code="0">(DE-627)105689491</marc:subfield>
			   <marc:subfield code="0">(DE-576)209633530</marc:subfield>
			   <marc:subfield code="a">Musikinstrument</marc:subfield>
			   <marc:subfield code="g">Motiv</marc:subfield>
			   <marc:subfield code="2">gnd</marc:subfield>
			   <marc:subfield code="8">3\p</marc:subfield>
			   <marc:subfield code="8">5\p</marc:subfield>
		</marc:datafield>
		<marc:datafield ind2="2" ind1="0" tag="689">
			   <marc:subfield code="a">Musikinstrument</marc:subfield>
			   <marc:subfield code="9">g:Motiv</marc:subfield>
			   <marc:subfield code="0">(DE-588)4132192-3</marc:subfield>
			   <marc:subfield code="D">s</marc:subfield>
			   <marc:subfield code="8">4\p</marc:subfield>
			   <marc:subfield code="8">8\p</marc:subfield>
			   <marc:subfield code="8">9\p</marc:subfield>
		</marc:datafield>
		<marc:datafield ind2="2" ind1="0" tag="689">
			   <marc:subfield code="a">Musikinstrument</marc:subfield>
			   <marc:subfield code="g">Motiv</marc:subfield>
			   <marc:subfield code="0">(DE-588)4132192-3</marc:subfield>
			   <marc:subfield code="D">s</marc:subfield>
			   <marc:subfield code="8">1\p</marc:subfield>
			   <marc:subfield code="8">7\p</marc:subfield>
		</marc:datafield>
		<marc:datafield ind2="3" ind1="0" tag="689">
			   <marc:subfield code="A">z</marc:subfield>
			   <marc:subfield code="2">gnd</marc:subfield>
			   <marc:subfield code="a">Geschichte 600 v. Chr.-400 v. Chr.</marc:subfield>
			   <marc:subfield code="8">3\p</marc:subfield>
			   <marc:subfield code="8">5\p</marc:subfield>
		</marc:datafield>
		<marc:datafield ind2="3" ind1="0" tag="689">
			   <marc:subfield code="a">Geschichte 600 v. Chr.-400 v. Chr.</marc:subfield>
			   <marc:subfield code="A">z</marc:subfield>
			   <marc:subfield code="8">1\p</marc:subfield>
			   <marc:subfield code="8">4\p</marc:subfield>
			   <marc:subfield code="8">6\p</marc:subfield>
			   <marc:subfield code="8">7\p</marc:subfield>
			   <marc:subfield code="8">8\p</marc:subfield>
			   <marc:subfield code="8">9\p</marc:subfield>
		</marc:datafield>
		<marc:datafield ind2="4" ind1="0" tag="689">
			   <marc:subfield code="0">(DE-588)4071507-3</marc:subfield>
			   <marc:subfield code="0">http://d-nb.info/gnd/4071507-3</marc:subfield>
			   <marc:subfield code="0">(DE-101)040715078</marc:subfield>
			   <marc:subfield code="D">s</marc:subfield>
			   <marc:subfield code="a">Funde</marc:subfield>
			   <marc:subfield code="8">6\p</marc:subfield>
		</marc:datafield>
		<marc:datafield ind2="4" ind1="0" tag="689">
			   <marc:subfield code="D">s</marc:subfield>
			   <marc:subfield code="0">(DE-588)4071507-3</marc:subfield>
			   <marc:subfield code="0">(DE-627)104642874</marc:subfield>
			   <marc:subfield code="0">(DE-576)209184205</marc:subfield>
			   <marc:subfield code="a">Funde</marc:subfield>
			   <marc:subfield code="2">gnd</marc:subfield>
			   <marc:subfield code="8">3\p</marc:subfield>
			   <marc:subfield code="8">5\p</marc:subfield>
		</marc:datafield>
		<marc:datafield ind2="4" ind1="0" tag="689">
			   <marc:subfield code="a">Funde</marc:subfield>
			   <marc:subfield code="0">(DE-588)4071507-3</marc:subfield>
			   <marc:subfield code="D">s</marc:subfield>
			   <marc:subfield code="8">1\p</marc:subfield>
			   <marc:subfield code="8">4\p</marc:subfield>
			   <marc:subfield code="8">7\p</marc:subfield>
			   <marc:subfield code="8">8\p</marc:subfield>
			   <marc:subfield code="8">9\p</marc:subfield>
		</marc:datafield>
		<marc:datafield ind2=" " ind1="1" tag="689">
			   <marc:subfield code="5">AT-OBV</marc:subfield>
			   <marc:subfield code="5">UBWR33</marc:subfield>
			   <marc:subfield code="8">7\p</marc:subfield>
		</marc:datafield>
		<marc:datafield ind2="0" ind1="1" tag="689">
			   <marc:subfield code="a">Griechenland</marc:subfield>
			   <marc:subfield code="g">Altertum</marc:subfield>
			   <marc:subfield code="D">g</marc:subfield>
			   <marc:subfield code="0">(DE-588)4093976-5</marc:subfield>
			   <marc:subfield code="8">7\p</marc:subfield>
		</marc:datafield>
		<marc:datafield ind2="1" ind1="1" tag="689">
			   <marc:subfield code="a">Götter</marc:subfield>
			   <marc:subfield code="D">s</marc:subfield>
			   <marc:subfield code="0">(DE-588)4021469-2</marc:subfield>
			   <marc:subfield code="8">7\p</marc:subfield>
		</marc:datafield>
		<marc:datafield ind2="2" ind1="1" tag="689">
			   <marc:subfield code="a">Kult</marc:subfield>
			   <marc:subfield code="D">s</marc:subfield>
			   <marc:subfield code="0">(DE-588)4033535-5</marc:subfield>
			   <marc:subfield code="8">7\p</marc:subfield>
		</marc:datafield>
		<marc:datafield ind2="3" ind1="1" tag="689">
			   <marc:subfield code="a">Musikinstrument</marc:subfield>
			   <marc:subfield code="D">s</marc:subfield>
			   <marc:subfield code="0">(DE-588)4040851-6</marc:subfield>
			   <marc:subfield code="8">7\p</marc:subfield>
		</marc:datafield>
		<marc:datafield ind2="4" ind1="1" tag="689">
			   <marc:subfield code="a">Geschichte 600 v. Chr.-400 v. Chr.</marc:subfield>
			   <marc:subfield code="A">z</marc:subfield>
			   <marc:subfield code="8">7\p</marc:subfield>
		</marc:datafield>
		<marc:datafield ind2=" " ind1="2" tag="689">
			   <marc:subfield code="5">AT-OBV</marc:subfield>
			   <marc:subfield code="5">UBWR33</marc:subfield>
			   <marc:subfield code="8">7\p</marc:subfield>
		</marc:datafield>
		<marc:datafield ind2="0" ind1="2" tag="689">
			   <marc:subfield code="a">Griechisch</marc:subfield>
			   <marc:subfield code="a">Literatur</marc:subfield>
			   <marc:subfield code="D">g</marc:subfield>
			   <marc:subfield code="0">ALTEVK</marc:subfield>
			   <marc:subfield code="8">7\p</marc:subfield>
		</marc:datafield>
		<marc:datafield ind2="1" ind1="2" tag="689">
			   <marc:subfield code="a">Götter</marc:subfield>
			   <marc:subfield code="g">Motiv</marc:subfield>
			   <marc:subfield code="D">s</marc:subfield>
			   <marc:subfield code="0">(DE-588)4207912-3</marc:subfield>
			   <marc:subfield code="8">7\p</marc:subfield>
		</marc:datafield>
		<marc:datafield ind2="2" ind1="2" tag="689">
			   <marc:subfield code="a">Musikinstrument</marc:subfield>
			   <marc:subfield code="g">Motiv</marc:subfield>
			   <marc:subfield code="D">s</marc:subfield>
			   <marc:subfield code="0">(DE-588)4132192-3</marc:subfield>
			   <marc:subfield code="8">7\p</marc:subfield>
		</marc:datafield>
		<marc:datafield ind2="3" ind1="2" tag="689">
			   <marc:subfield code="a">Geschichte 600 v. Chr.-400 v. Chr.</marc:subfield>
			   <marc:subfield code="A">z</marc:subfield>
			   <marc:subfield code="8">7\p</marc:subfield>
		</marc:datafield>
		<marc:datafield ind2="4" ind1="2" tag="689">
			   <marc:subfield code="a">Quelle</marc:subfield>
			   <marc:subfield code="A">f</marc:subfield>
			   <marc:subfield code="8">7\p</marc:subfield>
		</marc:datafield>
	</marc:record>