
<marc:record>
		<marc:leader>00000nam a2200000 a 4500</marc:leader>
		<marc:controlfield tag="001">CG_2_2019-12-08T10:23:41.073Z</marc:controlfield>
		<marc:controlfield tag="003">DE-101</marc:controlfield>
		<marc:datafield ind2=" " ind1=" " tag="035">
			   <marc:subfield code="a">(AT-OBV)990032216710203331</marc:subfield>
			   <marc:subfield code="8">4\p</marc:subfield>
		</marc:datafield>
		<marc:datafield ind2=" " ind1=" " tag="035">
			   <marc:subfield code="a">(DE-101)962757853</marc:subfield>
			   <marc:subfield code="8">6\p</marc:subfield>
		</marc:datafield>
		<marc:datafield ind2=" " ind1=" " tag="035">
			   <marc:subfield code="a">(DE-602)b3kat_BV013958170</marc:subfield>
			   <marc:subfield code="8">13\p</marc:subfield>
		</marc:datafield>
		<marc:datafield ind2=" " ind1=" " tag="035">
			   <marc:subfield code="a">(DE-602)b3kat_BV025255749</marc:subfield>
			   <marc:subfield code="8">8\p</marc:subfield>
		</marc:datafield>
		<marc:datafield ind2=" " ind1=" " tag="035">
			   <marc:subfield code="a">(DE-602)gbv_334936195</marc:subfield>
			   <marc:subfield code="8">10\p</marc:subfield>
		</marc:datafield>
		<marc:datafield ind2=" " ind1=" " tag="035">
			   <marc:subfield code="a">(DE-603)100561543</marc:subfield>
			   <marc:subfield code="8">3\p</marc:subfield>
		</marc:datafield>
		<marc:datafield ind2=" " ind1=" " tag="035">
			   <marc:subfield code="a">(DE-603)309390192</marc:subfield>
			   <marc:subfield code="8">5\p</marc:subfield>
		</marc:datafield>
		<marc:datafield ind2=" " ind1=" " tag="035">
			   <marc:subfield code="a">(DE-604)BV013958170</marc:subfield>
			   <marc:subfield code="8">12\p</marc:subfield>
		</marc:datafield>
		<marc:datafield ind2=" " ind1=" " tag="035">
			   <marc:subfield code="a">(DE-605)HT013166356</marc:subfield>
			   <marc:subfield code="8">1\p</marc:subfield>
		</marc:datafield>
		<marc:datafield ind2=" " ind1=" " tag="035">
			   <marc:subfield code="a">(DE-605)HT018625006</marc:subfield>
			   <marc:subfield code="8">9\p</marc:subfield>
		</marc:datafield>
		<marc:datafield ind2=" " ind1=" " tag="035">
			   <marc:subfield code="a">(DE-605)TT000577460</marc:subfield>
			   <marc:subfield code="8">7\p</marc:subfield>
		</marc:datafield>
		<marc:datafield ind2=" " ind1=" " tag="035">
			   <marc:subfield code="a">(DE-627)334936195</marc:subfield>
			   <marc:subfield code="8">11\p</marc:subfield>
		</marc:datafield>
		<marc:datafield ind2=" " ind1=" " tag="035">
			   <marc:subfield code="a">(DE-627)399891501</marc:subfield>
			   <marc:subfield code="8">2\p</marc:subfield>
		</marc:datafield>
		<marc:datafield ind2=" " ind1=" " tag="084">
			   <marc:subfield code="a">CI 1100</marc:subfield>
			   <marc:subfield code="2">rvk</marc:subfield>
			   <marc:subfield code="0">(DE-625)18356:</marc:subfield>
			   <marc:subfield code="0">(DE-603)407647848</marc:subfield>
			   <marc:subfield code="8">3\p</marc:subfield>
			   <marc:subfield code="8">5\p</marc:subfield>
		</marc:datafield>
		<marc:datafield ind2=" " ind1=" " tag="084">
			   <marc:subfield code="a">CI 1125</marc:subfield>
			   <marc:subfield code="2">rvk</marc:subfield>
			   <marc:subfield code="0">(DE-625)18359:</marc:subfield>
			   <marc:subfield code="0">(DE-603)407647872</marc:subfield>
			   <marc:subfield code="8">3\p</marc:subfield>
			   <marc:subfield code="8">5\p</marc:subfield>
		</marc:datafield>
		<marc:datafield ind2=" " ind1=" " tag="084">
			   <marc:subfield code="a">CI 5603</marc:subfield>
			   <marc:subfield code="2">rvk</marc:subfield>
			   <marc:subfield code="0">(DE-625)18485:11773</marc:subfield>
			   <marc:subfield code="0">(DE-603)40766095X</marc:subfield>
			   <marc:subfield code="8">5\p</marc:subfield>
		</marc:datafield>
		<marc:datafield ind2=" " ind1=" " tag="084">
			   <marc:subfield code="a">CI 5604</marc:subfield>
			   <marc:subfield code="2">rvk</marc:subfield>
			   <marc:subfield code="0">(DE-625)18485:11774</marc:subfield>
			   <marc:subfield code="0">(DE-603)407660968</marc:subfield>
			   <marc:subfield code="8">3\p</marc:subfield>
			   <marc:subfield code="8">5\p</marc:subfield>
		</marc:datafield>
		<marc:datafield ind2=" " ind1=" " tag="084">
			   <marc:subfield code="a">EC 2430</marc:subfield>
			   <marc:subfield code="2">rvk</marc:subfield>
			   <marc:subfield code="0">(DE-625)20487:</marc:subfield>
			   <marc:subfield code="0">(DE-603)407727566</marc:subfield>
			   <marc:subfield code="8">3\p</marc:subfield>
			   <marc:subfield code="8">5\p</marc:subfield>
		</marc:datafield>
		<marc:datafield ind2=" " ind1=" " tag="084">
			   <marc:subfield code="a">IH 34381</marc:subfield>
			   <marc:subfield code="2">rvk</marc:subfield>
			   <marc:subfield code="0">(DE-625)57271:11640</marc:subfield>
			   <marc:subfield code="0">(DE-603)408847867</marc:subfield>
			   <marc:subfield code="8">3\p</marc:subfield>
			   <marc:subfield code="8">5\p</marc:subfield>
		</marc:datafield>
		<marc:datafield ind2=" " ind1=" " tag="084">
			   <marc:subfield code="a">08.31</marc:subfield>
			   <marc:subfield code="9">Metaphysik</marc:subfield>
			   <marc:subfield code="9">Ontologie</marc:subfield>
			   <marc:subfield code="2">bkl</marc:subfield>
			   <marc:subfield code="8">10\p</marc:subfield>
		</marc:datafield>
		<marc:datafield ind2=" " ind1=" " tag="084">
			   <marc:subfield code="a">08.31</marc:subfield>
			   <marc:subfield code="9">Metaphysik</marc:subfield>
			   <marc:subfield code="2">bkl</marc:subfield>
			   <marc:subfield code="8">11\p</marc:subfield>
		</marc:datafield>
		<marc:datafield ind2=" " ind1=" " tag="084">
			   <marc:subfield code="a">10.02</marc:subfield>
			   <marc:subfield code="9">Philosophie und Theorie der Geisteswissenschaften</marc:subfield>
			   <marc:subfield code="2">bkl</marc:subfield>
			   <marc:subfield code="8">10\p</marc:subfield>
			   <marc:subfield code="8">11\p</marc:subfield>
		</marc:datafield>
		<marc:datafield ind2=" " ind1=" " tag="084">
			   <marc:subfield code="a">08.31</marc:subfield>
			   <marc:subfield code="2">bkl</marc:subfield>
			   <marc:subfield code="8">4\p</marc:subfield>
		</marc:datafield>
		<marc:datafield ind2=" " ind1=" " tag="084">
			   <marc:subfield code="a">10.02</marc:subfield>
			   <marc:subfield code="2">bkl</marc:subfield>
			   <marc:subfield code="8">4\p</marc:subfield>
		</marc:datafield>
		<marc:datafield ind2=" " ind1=" " tag="084">
			   <marc:subfield code="a">CI 1100</marc:subfield>
			   <marc:subfield code="2">rvk</marc:subfield>
			   <marc:subfield code="8">4\p</marc:subfield>
			   <marc:subfield code="8">7\p</marc:subfield>
			   <marc:subfield code="8">8\p</marc:subfield>
			   <marc:subfield code="8">9\p</marc:subfield>
			   <marc:subfield code="8">10\p</marc:subfield>
			   <marc:subfield code="8">11\p</marc:subfield>
			   <marc:subfield code="8">12\p</marc:subfield>
			   <marc:subfield code="8">13\p</marc:subfield>
		</marc:datafield>
		<marc:datafield ind2=" " ind1=" " tag="084">
			   <marc:subfield code="a">CI 1125</marc:subfield>
			   <marc:subfield code="2">rvk</marc:subfield>
			   <marc:subfield code="8">4\p</marc:subfield>
			   <marc:subfield code="8">7\p</marc:subfield>
			   <marc:subfield code="8">9\p</marc:subfield>
			   <marc:subfield code="8">10\p</marc:subfield>
			   <marc:subfield code="8">11\p</marc:subfield>
			   <marc:subfield code="8">12\p</marc:subfield>
			   <marc:subfield code="8">13\p</marc:subfield>
		</marc:datafield>
		<marc:datafield ind2=" " ind1=" " tag="084">
			   <marc:subfield code="a">CI 5310</marc:subfield>
			   <marc:subfield code="2">rvk</marc:subfield>
			   <marc:subfield code="8">4\p</marc:subfield>
			   <marc:subfield code="8">8\p</marc:subfield>
		</marc:datafield>
		<marc:datafield ind2=" " ind1=" " tag="084">
			   <marc:subfield code="a">CI 5603</marc:subfield>
			   <marc:subfield code="2">rvk</marc:subfield>
			   <marc:subfield code="8">4\p</marc:subfield>
			   <marc:subfield code="8">9\p</marc:subfield>
			   <marc:subfield code="8">12\p</marc:subfield>
			   <marc:subfield code="8">13\p</marc:subfield>
		</marc:datafield>
		<marc:datafield ind2=" " ind1=" " tag="084">
			   <marc:subfield code="a">CI 5603</marc:subfield>
			   <marc:subfield code="q">BSZ</marc:subfield>
			   <marc:subfield code="2">rvk</marc:subfield>
			   <marc:subfield code="8">2\p</marc:subfield>
		</marc:datafield>
		<marc:datafield ind2=" " ind1=" " tag="084">
			   <marc:subfield code="a">CI 5604</marc:subfield>
			   <marc:subfield code="2">rvk</marc:subfield>
			   <marc:subfield code="8">4\p</marc:subfield>
			   <marc:subfield code="8">7\p</marc:subfield>
			   <marc:subfield code="8">8\p</marc:subfield>
			   <marc:subfield code="8">9\p</marc:subfield>
			   <marc:subfield code="8">10\p</marc:subfield>
			   <marc:subfield code="8">11\p</marc:subfield>
			   <marc:subfield code="8">12\p</marc:subfield>
			   <marc:subfield code="8">13\p</marc:subfield>
		</marc:datafield>
		<marc:datafield ind2=" " ind1=" " tag="084">
			   <marc:subfield code="a">CI 5837</marc:subfield>
			   <marc:subfield code="q">BSZ</marc:subfield>
			   <marc:subfield code="2">rvk</marc:subfield>
			   <marc:subfield code="8">2\p</marc:subfield>
		</marc:datafield>
		<marc:datafield ind2=" " ind1=" " tag="084">
			   <marc:subfield code="a">EC 2430</marc:subfield>
			   <marc:subfield code="2">rvk</marc:subfield>
			   <marc:subfield code="8">4\p</marc:subfield>
			   <marc:subfield code="8">7\p</marc:subfield>
			   <marc:subfield code="8">8\p</marc:subfield>
			   <marc:subfield code="8">9\p</marc:subfield>
			   <marc:subfield code="8">10\p</marc:subfield>
			   <marc:subfield code="8">11\p</marc:subfield>
			   <marc:subfield code="8">12\p</marc:subfield>
			   <marc:subfield code="8">13\p</marc:subfield>
		</marc:datafield>
		<marc:datafield ind2=" " ind1=" " tag="084">
			   <marc:subfield code="a">IH 34381</marc:subfield>
			   <marc:subfield code="2">rvk</marc:subfield>
			   <marc:subfield code="8">4\p</marc:subfield>
			   <marc:subfield code="8">7\p</marc:subfield>
			   <marc:subfield code="8">8\p</marc:subfield>
			   <marc:subfield code="8">9\p</marc:subfield>
			   <marc:subfield code="8">10\p</marc:subfield>
			   <marc:subfield code="8">11\p</marc:subfield>
			   <marc:subfield code="8">12\p</marc:subfield>
			   <marc:subfield code="8">13\p</marc:subfield>
		</marc:datafield>
		<marc:datafield ind2=" " ind1=" " tag="084">
			   <marc:subfield code="a">10</marc:subfield>
			   <marc:subfield code="2">sdnb</marc:subfield>
			   <marc:subfield code="8">10\p</marc:subfield>
			   <marc:subfield code="8">11\p</marc:subfield>
			   <marc:subfield code="8">12\p</marc:subfield>
			   <marc:subfield code="8">13\p</marc:subfield>
		</marc:datafield>
		<marc:datafield ind2=" " ind1=" " tag="084">
			   <marc:subfield code="a">10</marc:subfield>
			   <marc:subfield code="a">100</marc:subfield>
			   <marc:subfield code="q">DE-101</marc:subfield>
			   <marc:subfield code="2">sdnb</marc:subfield>
			   <marc:subfield code="8">6\p</marc:subfield>
		</marc:datafield>
		<marc:datafield ind2=" " ind1=" " tag="084">
			   <marc:subfield code="a">10</marc:subfield>
			   <marc:subfield code="q">DE-101</marc:subfield>
			   <marc:subfield code="2">sdnb</marc:subfield>
			   <marc:subfield code="8">3\p</marc:subfield>
			   <marc:subfield code="8">5\p</marc:subfield>
		</marc:datafield>
		<marc:datafield ind2=" " ind1=" " tag="084">
			   <marc:subfield code="a">4.7p</marc:subfield>
			   <marc:subfield code="q">DE-101</marc:subfield>
			   <marc:subfield code="2">sdnb</marc:subfield>
			   <marc:subfield code="8">3\p</marc:subfield>
		</marc:datafield>
		<marc:datafield ind2=" " ind1=" " tag="084">
			   <marc:subfield code="a">5,1</marc:subfield>
			   <marc:subfield code="2">ssgn</marc:subfield>
			   <marc:subfield code="8">10\p</marc:subfield>
			   <marc:subfield code="8">11\p</marc:subfield>
			   <marc:subfield code="8">12\p</marc:subfield>
			   <marc:subfield code="8">13\p</marc:subfield>
		</marc:datafield>
		<marc:datafield ind2=" " ind1=" " tag="084">
			   <marc:subfield code="a">4.7p</marc:subfield>
			   <marc:subfield code="a">4.7p</marc:subfield>
			   <marc:subfield code="q">DE-101</marc:subfield>
			   <marc:subfield code="2">sswd</marc:subfield>
			   <marc:subfield code="8">6\p</marc:subfield>
		</marc:datafield>
		<marc:datafield ind2=" " ind1=" " tag="085">
			   <marc:subfield code="8">1\u</marc:subfield>
			   <marc:subfield code="b">100</marc:subfield>
			   <marc:subfield code="8">5\p</marc:subfield>
		</marc:datafield>
		<marc:datafield ind2=" " ind1=" " tag="085">
			   <marc:subfield code="8">2\u</marc:subfield>
			   <marc:subfield code="b">809</marc:subfield>
			   <marc:subfield code="8">5\p</marc:subfield>
		</marc:datafield>
		<marc:datafield ind2=" " ind1=" " tag="085">
			   <marc:subfield code="8">1\u</marc:subfield>
			   <marc:subfield code="z">2</marc:subfield>
			   <marc:subfield code="s">4793</marc:subfield>
			   <marc:subfield code="8">5\p</marc:subfield>
			   <marc:subfield code="8">2\u</marc:subfield>
			   <marc:subfield code="8">5\p</marc:subfield>
		</marc:datafield>
		<marc:datafield ind2=" " ind1="1" tag="100">
			   <marc:subfield code="0">(DE-588)143463004</marc:subfield>
			   <marc:subfield code="0">http://d-nb.info/gnd/143463004</marc:subfield>
			   <marc:subfield code="0">(DE-101)143463004</marc:subfield>
			   <marc:subfield code="a">Letzkus, Alwin</marc:subfield>
			   <marc:subfield code="e">Verfasser</marc:subfield>
			   <marc:subfield code="4">aut</marc:subfield>
			   <marc:subfield code="8">6\p</marc:subfield>
		</marc:datafield>
		<marc:datafield ind2=" " ind1="1" tag="100">
			   <marc:subfield code="a">Letzkus, Alwin</marc:subfield>
			   <marc:subfield code="e">VerfasserIn</marc:subfield>
			   <marc:subfield code="0">(DE-588)143463004</marc:subfield>
			   <marc:subfield code="0">(DE-627)646562886</marc:subfield>
			   <marc:subfield code="0">(DE-576)184016517</marc:subfield>
			   <marc:subfield code="4">aut</marc:subfield>
			   <marc:subfield code="8">11\p</marc:subfield>
		</marc:datafield>
		<marc:datafield ind2=" " ind1="1" tag="100">
			   <marc:subfield code="a">Letzkus, Alwin</marc:subfield>
			   <marc:subfield code="0">(DE-588)143463004</marc:subfield>
			   <marc:subfield code="0">(DE-627)646562886</marc:subfield>
			   <marc:subfield code="0">(DE-576)184016517</marc:subfield>
			   <marc:subfield code="8">2\p</marc:subfield>
		</marc:datafield>
		<marc:datafield ind2=" " ind1="1" tag="100">
			   <marc:subfield code="a">Letzkus, Alwin</marc:subfield>
			   <marc:subfield code="e">VerfasserIn</marc:subfield>
			   <marc:subfield code="4">aut</marc:subfield>
			   <marc:subfield code="0">(DE-601)646562886</marc:subfield>
			   <marc:subfield code="0">(DE-588)143463004</marc:subfield>
			   <marc:subfield code="8">10\p</marc:subfield>
		</marc:datafield>
		<marc:datafield ind2=" " ind1="1" tag="100">
			   <marc:subfield code="a">Letzkus, Alwin</marc:subfield>
			   <marc:subfield code="0">(DE-588)143463004</marc:subfield>
			   <marc:subfield code="0">(DE-603)230906559</marc:subfield>
			   <marc:subfield code="8">3\p</marc:subfield>
		</marc:datafield>
		<marc:datafield ind2=" " ind1="1" tag="100">
			   <marc:subfield code="a">Letzkus, Alwin</marc:subfield>
			   <marc:subfield code="e">Verfasser</marc:subfield>
			   <marc:subfield code="0">(DE-588)143463004</marc:subfield>
			   <marc:subfield code="4">aut</marc:subfield>
			   <marc:subfield code="8">1\p</marc:subfield>
			   <marc:subfield code="8">7\p</marc:subfield>
			   <marc:subfield code="8">8\p</marc:subfield>
			   <marc:subfield code="8">12\p</marc:subfield>
			   <marc:subfield code="8">13\p</marc:subfield>
		</marc:datafield>
		<marc:datafield ind2=" " ind1="1" tag="100">
			   <marc:subfield code="a">Letzkus, Alwin</marc:subfield>
			   <marc:subfield code="4">aut</marc:subfield>
			   <marc:subfield code="8">4\p</marc:subfield>
		</marc:datafield>
		<marc:datafield ind2=" " ind1="1" tag="100">
			   <marc:subfield code="a">Letzkus, Alwin</marc:subfield>
			   <marc:subfield code="e">Verfasser</marc:subfield>
			   <marc:subfield code="4">aut</marc:subfield>
			   <marc:subfield code="8">9\p</marc:subfield>
		</marc:datafield>
		<marc:datafield ind2=" " ind1="1" tag="100">
			   <marc:subfield code="a">Letzkus, Alwin</marc:subfield>
			   <marc:subfield code="8">5\p</marc:subfield>
		</marc:datafield>
		<marc:datafield ind2="4" ind1="1" tag="600">
			   <marc:subfield code="a">Derrida, Jacques</marc:subfield>
			   <marc:subfield code="8">11\p</marc:subfield>
			   <marc:subfield code="8">12\p</marc:subfield>
			   <marc:subfield code="8">13\p</marc:subfield>
		</marc:datafield>
		<marc:datafield ind2="4" ind1="1" tag="600">
			   <marc:subfield code="a">Heidegger, Martin &lt;1889-1976&gt;</marc:subfield>
			   <marc:subfield code="8">11\p</marc:subfield>
			   <marc:subfield code="8">12\p</marc:subfield>
			   <marc:subfield code="8">13\p</marc:subfield>
		</marc:datafield>
		<marc:datafield ind2="4" ind1="1" tag="600">
			   <marc:subfield code="a">Husserl, Edmund &lt;1859-1938&gt;</marc:subfield>
			   <marc:subfield code="8">11\p</marc:subfield>
			   <marc:subfield code="8">12\p</marc:subfield>
			   <marc:subfield code="8">13\p</marc:subfield>
		</marc:datafield>
		<marc:datafield ind2="4" ind1="1" tag="600">
			   <marc:subfield code="a">Lévinas, Emmanuel</marc:subfield>
			   <marc:subfield code="8">11\p</marc:subfield>
			   <marc:subfield code="8">12\p</marc:subfield>
			   <marc:subfield code="8">13\p</marc:subfield>
		</marc:datafield>
		<marc:datafield ind2="7" ind1="1" tag="600">
			   <marc:subfield code="0">(DE-588)118572350</marc:subfield>
			   <marc:subfield code="0">http://d-nb.info/gnd/118572350</marc:subfield>
			   <marc:subfield code="0">(DE-101)118572350</marc:subfield>
			   <marc:subfield code="a">Lévinas, Emmanuel</marc:subfield>
			   <marc:subfield code="d">1906-1995</marc:subfield>
			   <marc:subfield code="2">gnd</marc:subfield>
			   <marc:subfield code="8">6\p</marc:subfield>
		</marc:datafield>
		<marc:datafield ind2="7" ind1="1" tag="600">
			   <marc:subfield code="0">(DE-588)118677888</marc:subfield>
			   <marc:subfield code="0">http://d-nb.info/gnd/118677888</marc:subfield>
			   <marc:subfield code="0">(DE-101)118677888</marc:subfield>
			   <marc:subfield code="a">Derrida, Jacques</marc:subfield>
			   <marc:subfield code="d">1930-2004</marc:subfield>
			   <marc:subfield code="2">gnd</marc:subfield>
			   <marc:subfield code="8">6\p</marc:subfield>
		</marc:datafield>
		<marc:datafield ind2="7" ind1="1" tag="600">
			   <marc:subfield code="0">(DE-588)118572350</marc:subfield>
			   <marc:subfield code="0">(DE-627)135606780</marc:subfield>
			   <marc:subfield code="0">(DE-576)20901315X</marc:subfield>
			   <marc:subfield code="a">Lévinas, Emmanuel</marc:subfield>
			   <marc:subfield code="d">1906-1995</marc:subfield>
			   <marc:subfield code="2">gnd</marc:subfield>
			   <marc:subfield code="8">11\p</marc:subfield>
		</marc:datafield>
		<marc:datafield ind2="7" ind1="1" tag="600">
			   <marc:subfield code="0">(DE-588)118677888</marc:subfield>
			   <marc:subfield code="0">(DE-627)283759666</marc:subfield>
			   <marc:subfield code="0">(DE-576)209274662</marc:subfield>
			   <marc:subfield code="a">Derrida, Jacques</marc:subfield>
			   <marc:subfield code="d">1930-2004</marc:subfield>
			   <marc:subfield code="2">gnd</marc:subfield>
			   <marc:subfield code="8">11\p</marc:subfield>
		</marc:datafield>
		<marc:datafield ind2="7" ind1="1" tag="600">
			   <marc:subfield code="a">Heidegger, Martin</marc:subfield>
			   <marc:subfield code="d">1889-1976</marc:subfield>
			   <marc:subfield code="2">gnd</marc:subfield>
			   <marc:subfield code="0">(DE-588)118547798</marc:subfield>
			   <marc:subfield code="0">(DE-603)08688882X</marc:subfield>
			   <marc:subfield code="8">5\p</marc:subfield>
		</marc:datafield>
		<marc:datafield ind2="7" ind1="1" tag="600">
			   <marc:subfield code="a">Heidegger, Martin</marc:subfield>
			   <marc:subfield code="d">1889-1976</marc:subfield>
			   <marc:subfield code="0">(DE-588)118547798</marc:subfield>
			   <marc:subfield code="2">gnd</marc:subfield>
			   <marc:subfield code="8">7\p</marc:subfield>
			   <marc:subfield code="8">8\p</marc:subfield>
			   <marc:subfield code="8">9\p</marc:subfield>
			   <marc:subfield code="8">12\p</marc:subfield>
			   <marc:subfield code="8">13\p</marc:subfield>
		</marc:datafield>
		<marc:datafield ind2="7" ind1="1" tag="600">
			   <marc:subfield code="a">Husserl, Edmund</marc:subfield>
			   <marc:subfield code="d">1859-1938</marc:subfield>
			   <marc:subfield code="2">gnd</marc:subfield>
			   <marc:subfield code="0">(DE-588)118555006</marc:subfield>
			   <marc:subfield code="0">(DE-603)086896032</marc:subfield>
			   <marc:subfield code="8">5\p</marc:subfield>
		</marc:datafield>
		<marc:datafield ind2="7" ind1="1" tag="600">
			   <marc:subfield code="a">Husserl, Edmund</marc:subfield>
			   <marc:subfield code="d">1859-1938</marc:subfield>
			   <marc:subfield code="0">(DE-588)118555006</marc:subfield>
			   <marc:subfield code="2">gnd</marc:subfield>
			   <marc:subfield code="8">7\p</marc:subfield>
			   <marc:subfield code="8">8\p</marc:subfield>
			   <marc:subfield code="8">9\p</marc:subfield>
			   <marc:subfield code="8">12\p</marc:subfield>
			   <marc:subfield code="8">13\p</marc:subfield>
		</marc:datafield>
		<marc:datafield ind2="7" ind1="1" tag="600">
			   <marc:subfield code="0">(DE-601)135606780</marc:subfield>
			   <marc:subfield code="0">(DE-588)118572350</marc:subfield>
			   <marc:subfield code="a">Lévinas, Emmanuel</marc:subfield>
			   <marc:subfield code="d">1906-1995</marc:subfield>
			   <marc:subfield code="2">gnd</marc:subfield>
			   <marc:subfield code="8">10\p</marc:subfield>
		</marc:datafield>
		<marc:datafield ind2="7" ind1="1" tag="600">
			   <marc:subfield code="a">Lévinas, Emmanuel</marc:subfield>
			   <marc:subfield code="d">1906-1995</marc:subfield>
			   <marc:subfield code="2">gnd</marc:subfield>
			   <marc:subfield code="0">(DE-588)118572350</marc:subfield>
			   <marc:subfield code="0">(DE-603)086913387</marc:subfield>
			   <marc:subfield code="8">3\p</marc:subfield>
			   <marc:subfield code="8">5\p</marc:subfield>
		</marc:datafield>
		<marc:datafield ind2="7" ind1="1" tag="600">
			   <marc:subfield code="a">Lévinas, Emmanuel</marc:subfield>
			   <marc:subfield code="d">1906-1995</marc:subfield>
			   <marc:subfield code="0">(DE-588)118572350</marc:subfield>
			   <marc:subfield code="2">gnd</marc:subfield>
			   <marc:subfield code="8">1\p</marc:subfield>
			   <marc:subfield code="8">7\p</marc:subfield>
			   <marc:subfield code="8">8\p</marc:subfield>
			   <marc:subfield code="8">9\p</marc:subfield>
			   <marc:subfield code="8">12\p</marc:subfield>
			   <marc:subfield code="8">13\p</marc:subfield>
		</marc:datafield>
		<marc:datafield ind2="7" ind1="1" tag="600">
			   <marc:subfield code="0">(DE-601)283759666</marc:subfield>
			   <marc:subfield code="0">(DE-588)118677888</marc:subfield>
			   <marc:subfield code="a">Derrida, Jacques</marc:subfield>
			   <marc:subfield code="d">1930-2004</marc:subfield>
			   <marc:subfield code="2">gnd</marc:subfield>
			   <marc:subfield code="8">10\p</marc:subfield>
		</marc:datafield>
		<marc:datafield ind2="7" ind1="1" tag="600">
			   <marc:subfield code="a">Derrida, Jacques</marc:subfield>
			   <marc:subfield code="d">1930-2004</marc:subfield>
			   <marc:subfield code="2">gnd</marc:subfield>
			   <marc:subfield code="0">(DE-588)118677888</marc:subfield>
			   <marc:subfield code="0">(DE-603)087018756</marc:subfield>
			   <marc:subfield code="8">3\p</marc:subfield>
			   <marc:subfield code="8">5\p</marc:subfield>
		</marc:datafield>
		<marc:datafield ind2="7" ind1="1" tag="600">
			   <marc:subfield code="a">Derrida, Jacques</marc:subfield>
			   <marc:subfield code="d">1930-2004</marc:subfield>
			   <marc:subfield code="0">(DE-588)118677888</marc:subfield>
			   <marc:subfield code="2">gnd</marc:subfield>
			   <marc:subfield code="8">1\p</marc:subfield>
			   <marc:subfield code="8">7\p</marc:subfield>
			   <marc:subfield code="8">8\p</marc:subfield>
			   <marc:subfield code="8">9\p</marc:subfield>
			   <marc:subfield code="8">12\p</marc:subfield>
			   <marc:subfield code="8">13\p</marc:subfield>
		</marc:datafield>
		<marc:datafield ind2="4" ind1=" " tag="650">
			   <marc:subfield code="a">Ethics</marc:subfield>
			   <marc:subfield code="8">11\p</marc:subfield>
			   <marc:subfield code="8">12\p</marc:subfield>
			   <marc:subfield code="8">13\p</marc:subfield>
		</marc:datafield>
		<marc:datafield ind2="4" ind1=" " tag="650">
			   <marc:subfield code="a">Ontology</marc:subfield>
			   <marc:subfield code="8">11\p</marc:subfield>
			   <marc:subfield code="8">12\p</marc:subfield>
			   <marc:subfield code="8">13\p</marc:subfield>
		</marc:datafield>
		<marc:datafield ind2="4" ind1=" " tag="650">
			   <marc:subfield code="a">Phenomenology</marc:subfield>
			   <marc:subfield code="8">11\p</marc:subfield>
			   <marc:subfield code="8">12\p</marc:subfield>
			   <marc:subfield code="8">13\p</marc:subfield>
		</marc:datafield>
		<marc:datafield ind2="7" ind1=" " tag="650">
			   <marc:subfield code="0">(DE-588)4045791-6</marc:subfield>
			   <marc:subfield code="0">http://d-nb.info/gnd/4045791-6</marc:subfield>
			   <marc:subfield code="0">(DE-101)040457915</marc:subfield>
			   <marc:subfield code="a">Philosophie</marc:subfield>
			   <marc:subfield code="2">gnd</marc:subfield>
			   <marc:subfield code="8">6\p</marc:subfield>
			   <marc:subfield code="8">6\p</marc:subfield>
		</marc:datafield>
		<marc:datafield ind2="7" ind1=" " tag="650">
			   <marc:subfield code="0">(DE-601)106200259</marc:subfield>
			   <marc:subfield code="0">(DE-588)4045791-6</marc:subfield>
			   <marc:subfield code="a">Philosophie</marc:subfield>
			   <marc:subfield code="2">gnd</marc:subfield>
			   <marc:subfield code="8">10\p</marc:subfield>
			   <marc:subfield code="8">10\p</marc:subfield>
		</marc:datafield>
		<marc:datafield ind2="7" ind1=" " tag="650">
			   <marc:subfield code="a">Philosophie</marc:subfield>
			   <marc:subfield code="2">gnd</marc:subfield>
			   <marc:subfield code="0">(DE-588)4045791-6</marc:subfield>
			   <marc:subfield code="0">(DE-603)08512821X</marc:subfield>
			   <marc:subfield code="8">3\p</marc:subfield>
			   <marc:subfield code="8">5\p</marc:subfield>
		</marc:datafield>
		<marc:datafield ind2="7" ind1=" " tag="650">
			   <marc:subfield code="a">&lt;U+0152&gt;Das&lt;U+0156&gt; Andere</marc:subfield>
			   <marc:subfield code="2">gnd</marc:subfield>
			   <marc:subfield code="0">(DE-588)4195640-0</marc:subfield>
			   <marc:subfield code="0">(DE-603)085980692</marc:subfield>
			   <marc:subfield code="8">5\p</marc:subfield>
		</marc:datafield>
		<marc:datafield ind2="7" ind1=" " tag="650">
			   <marc:subfield code="a">De ander</marc:subfield>
			   <marc:subfield code="2">gtt</marc:subfield>
			   <marc:subfield code="8">12\p</marc:subfield>
			   <marc:subfield code="8">13\p</marc:subfield>
		</marc:datafield>
		<marc:datafield ind2="7" ind1="0" tag="650">
			   <marc:subfield code="0">(DE-588)4045791-6</marc:subfield>
			   <marc:subfield code="0">(DE-627)106200259</marc:subfield>
			   <marc:subfield code="0">(DE-576)209066873</marc:subfield>
			   <marc:subfield code="a">Philosophie</marc:subfield>
			   <marc:subfield code="2">gnd</marc:subfield>
			   <marc:subfield code="8">11\p</marc:subfield>
			   <marc:subfield code="8">11\p</marc:subfield>
		</marc:datafield>
		<marc:datafield ind2="7" ind1="0" tag="650">
			   <marc:subfield code="a">Philosophie</marc:subfield>
			   <marc:subfield code="0">(DE-588)4045791-6</marc:subfield>
			   <marc:subfield code="2">gnd</marc:subfield>
			   <marc:subfield code="8">1\p</marc:subfield>
		</marc:datafield>
		<marc:datafield ind2="7" ind1="0" tag="650">
			   <marc:subfield code="a">&lt;U+0152&gt;Das&lt;U+0156&gt; Andere</marc:subfield>
			   <marc:subfield code="0">(DE-588)4195640-0</marc:subfield>
			   <marc:subfield code="2">gnd</marc:subfield>
			   <marc:subfield code="8">7\p</marc:subfield>
			   <marc:subfield code="8">8\p</marc:subfield>
			   <marc:subfield code="8">9\p</marc:subfield>
			   <marc:subfield code="8">12\p</marc:subfield>
			   <marc:subfield code="8">13\p</marc:subfield>
		</marc:datafield>
		<marc:datafield ind2="0" ind1=" " tag="653">
			   <marc:subfield code="a">Husserl, Edmund</marc:subfield>
			   <marc:subfield code="a">1859-1938</marc:subfield>
			   <marc:subfield code="8">10\p</marc:subfield>
		</marc:datafield>
		<marc:datafield ind2="0" ind1=" " tag="653">
			   <marc:subfield code="a">Heidegger, Martin</marc:subfield>
			   <marc:subfield code="a">1889-1976</marc:subfield>
			   <marc:subfield code="8">10\p</marc:subfield>
		</marc:datafield>
		<marc:datafield ind2="0" ind1=" " tag="653">
			   <marc:subfield code="a">Derrida, Jacques</marc:subfield>
			   <marc:subfield code="8">10\p</marc:subfield>
		</marc:datafield>
		<marc:datafield ind2="0" ind1=" " tag="653">
			   <marc:subfield code="a">Ethics</marc:subfield>
			   <marc:subfield code="8">10\p</marc:subfield>
		</marc:datafield>
		<marc:datafield ind2="0" ind1=" " tag="653">
			   <marc:subfield code="a">Lévinas, Emmanuel</marc:subfield>
			   <marc:subfield code="8">10\p</marc:subfield>
		</marc:datafield>
		<marc:datafield ind2="0" ind1=" " tag="653">
			   <marc:subfield code="a">Ontology</marc:subfield>
			   <marc:subfield code="8">10\p</marc:subfield>
		</marc:datafield>
		<marc:datafield ind2="0" ind1=" " tag="653">
			   <marc:subfield code="a">Phenomenology</marc:subfield>
			   <marc:subfield code="8">10\p</marc:subfield>
		</marc:datafield>
		<marc:datafield ind2="7" ind1=" " tag="655">
			   <marc:subfield code="0">(DE-588)4113937-9</marc:subfield>
			   <marc:subfield code="0">http://d-nb.info/gnd/4113937-9</marc:subfield>
			   <marc:subfield code="0">(DE-101)041139372</marc:subfield>
			   <marc:subfield code="a">Hochschulschrift</marc:subfield>
			   <marc:subfield code="2">gnd-content</marc:subfield>
			   <marc:subfield code="8">6\p</marc:subfield>
		</marc:datafield>
		<marc:datafield ind2="7" ind1=" " tag="655">
			   <marc:subfield code="a">Hochschulschrift</marc:subfield>
			   <marc:subfield code="0">(DE-588)4113937-9</marc:subfield>
			   <marc:subfield code="0">(DE-627)105825778</marc:subfield>
			   <marc:subfield code="0">(DE-576)209480580</marc:subfield>
			   <marc:subfield code="2">gnd-content</marc:subfield>
			   <marc:subfield code="8">2\p</marc:subfield>
			   <marc:subfield code="8">11\p</marc:subfield>
		</marc:datafield>
		<marc:datafield ind2="7" ind1=" " tag="655">
			   <marc:subfield code="0">(DE-588)4113937-9</marc:subfield>
			   <marc:subfield code="a">Hochschulschrift</marc:subfield>
			   <marc:subfield code="2">gnd-content</marc:subfield>
			   <marc:subfield code="8">12\p</marc:subfield>
			   <marc:subfield code="8">13\p</marc:subfield>
		</marc:datafield>
		<marc:datafield ind2="7" ind1="0" tag="655">
			   <marc:subfield code="0">(DE-588)4113937-9</marc:subfield>
			   <marc:subfield code="a">Hochschulschrift</marc:subfield>
			   <marc:subfield code="2">gnd-content</marc:subfield>
			   <marc:subfield code="8">10\p</marc:subfield>
		</marc:datafield>
		<marc:datafield ind2=" " ind1="0" tag="689">
			   <marc:subfield code="5">AT-OBV</marc:subfield>
			   <marc:subfield code="5">UBSREI</marc:subfield>
			   <marc:subfield code="8">4\p</marc:subfield>
		</marc:datafield>
		<marc:datafield ind2=" " ind1="0" tag="689">
			   <marc:subfield code="5">DE-101</marc:subfield>
			   <marc:subfield code="8">10\p</marc:subfield>
			   <marc:subfield code="8">11\p</marc:subfield>
		</marc:datafield>
		<marc:datafield ind2=" " ind1="0" tag="689">
			   <marc:subfield code="5">DE-101</marc:subfield>
			   <marc:subfield code="5">DE-101</marc:subfield>
			   <marc:subfield code="8">6\p</marc:subfield>
		</marc:datafield>
		<marc:datafield ind2=" " ind1="0" tag="689">
			   <marc:subfield code="5">DE-576</marc:subfield>
			   <marc:subfield code="8">2\p</marc:subfield>
		</marc:datafield>
		<marc:datafield ind2=" " ind1="0" tag="689">
			   <marc:subfield code="5">DE-604</marc:subfield>
			   <marc:subfield code="8">8\p</marc:subfield>
			   <marc:subfield code="8">12\p</marc:subfield>
			   <marc:subfield code="8">13\p</marc:subfield>
		</marc:datafield>
		<marc:datafield ind2=" " ind1="0" tag="689">
			   <marc:subfield code="5">DE-605</marc:subfield>
			   <marc:subfield code="8">1\p</marc:subfield>
			   <marc:subfield code="8">7\p</marc:subfield>
			   <marc:subfield code="8">9\p</marc:subfield>
		</marc:datafield>
		<marc:datafield ind2="0" ind1="0" tag="689">
			   <marc:subfield code="0">(DE-588)118677888</marc:subfield>
			   <marc:subfield code="0">http://d-nb.info/gnd/118677888</marc:subfield>
			   <marc:subfield code="0">(DE-101)118677888</marc:subfield>
			   <marc:subfield code="D">p</marc:subfield>
			   <marc:subfield code="a">Derrida, Jacques</marc:subfield>
			   <marc:subfield code="d">1930-2004</marc:subfield>
			   <marc:subfield code="8">6\p</marc:subfield>
		</marc:datafield>
		<marc:datafield ind2="0" ind1="0" tag="689">
			   <marc:subfield code="D">p</marc:subfield>
			   <marc:subfield code="0">(DE-588)118677888</marc:subfield>
			   <marc:subfield code="0">(DE-627)283759666</marc:subfield>
			   <marc:subfield code="0">(DE-576)209274662</marc:subfield>
			   <marc:subfield code="a">Derrida, Jacques</marc:subfield>
			   <marc:subfield code="d">1930-2004</marc:subfield>
			   <marc:subfield code="2">gnd</marc:subfield>
			   <marc:subfield code="8">2\p</marc:subfield>
			   <marc:subfield code="8">11\p</marc:subfield>
		</marc:datafield>
		<marc:datafield ind2="0" ind1="0" tag="689">
			   <marc:subfield code="0">(DE-601)283759666</marc:subfield>
			   <marc:subfield code="0">(DE-588)118677888</marc:subfield>
			   <marc:subfield code="D">p</marc:subfield>
			   <marc:subfield code="a">Derrida, Jacques</marc:subfield>
			   <marc:subfield code="d">1930-2004</marc:subfield>
			   <marc:subfield code="8">10\p</marc:subfield>
		</marc:datafield>
		<marc:datafield ind2="0" ind1="0" tag="689">
			   <marc:subfield code="a">Derrida, Jacques</marc:subfield>
			   <marc:subfield code="d">1930-2004</marc:subfield>
			   <marc:subfield code="0">(DE-588)118677888</marc:subfield>
			   <marc:subfield code="D">p</marc:subfield>
			   <marc:subfield code="8">1\p</marc:subfield>
			   <marc:subfield code="8">4\p</marc:subfield>
			   <marc:subfield code="8">7\p</marc:subfield>
			   <marc:subfield code="8">8\p</marc:subfield>
			   <marc:subfield code="8">9\p</marc:subfield>
			   <marc:subfield code="8">12\p</marc:subfield>
			   <marc:subfield code="8">13\p</marc:subfield>
		</marc:datafield>
		<marc:datafield ind2="1" ind1="0" tag="689">
			   <marc:subfield code="0">(DE-588)4045791-6</marc:subfield>
			   <marc:subfield code="0">http://d-nb.info/gnd/4045791-6</marc:subfield>
			   <marc:subfield code="0">(DE-101)040457915</marc:subfield>
			   <marc:subfield code="D">s</marc:subfield>
			   <marc:subfield code="a">Philosophie</marc:subfield>
			   <marc:subfield code="8">6\p</marc:subfield>
		</marc:datafield>
		<marc:datafield ind2="1" ind1="0" tag="689">
			   <marc:subfield code="D">s</marc:subfield>
			   <marc:subfield code="0">(DE-588)4045791-6</marc:subfield>
			   <marc:subfield code="0">(DE-627)106200259</marc:subfield>
			   <marc:subfield code="0">(DE-576)209066873</marc:subfield>
			   <marc:subfield code="a">Philosophie</marc:subfield>
			   <marc:subfield code="2">gnd</marc:subfield>
			   <marc:subfield code="8">2\p</marc:subfield>
			   <marc:subfield code="8">11\p</marc:subfield>
		</marc:datafield>
		<marc:datafield ind2="1" ind1="0" tag="689">
			   <marc:subfield code="0">(DE-601)106200259</marc:subfield>
			   <marc:subfield code="0">(DE-588)4045791-6</marc:subfield>
			   <marc:subfield code="D">s</marc:subfield>
			   <marc:subfield code="a">Philosophie</marc:subfield>
			   <marc:subfield code="8">10\p</marc:subfield>
		</marc:datafield>
		<marc:datafield ind2="1" ind1="0" tag="689">
			   <marc:subfield code="a">Philosophie</marc:subfield>
			   <marc:subfield code="0">(DE-588)4045791-6</marc:subfield>
			   <marc:subfield code="D">s</marc:subfield>
			   <marc:subfield code="8">1\p</marc:subfield>
			   <marc:subfield code="8">4\p</marc:subfield>
		</marc:datafield>
		<marc:datafield ind2="1" ind1="0" tag="689">
			   <marc:subfield code="a">&lt;U+0152&gt;Das&lt;U+0156&gt; Andere</marc:subfield>
			   <marc:subfield code="0">(DE-588)4195640-0</marc:subfield>
			   <marc:subfield code="D">s</marc:subfield>
			   <marc:subfield code="8">7\p</marc:subfield>
			   <marc:subfield code="8">8\p</marc:subfield>
			   <marc:subfield code="8">9\p</marc:subfield>
			   <marc:subfield code="8">12\p</marc:subfield>
			   <marc:subfield code="8">13\p</marc:subfield>
		</marc:datafield>
		<marc:datafield ind2="2" ind1="0" tag="689">
			   <marc:subfield code="a">Lévinas, Emmanuel</marc:subfield>
			   <marc:subfield code="d">1906-1995</marc:subfield>
			   <marc:subfield code="0">(DE-588)118572350</marc:subfield>
			   <marc:subfield code="D">p</marc:subfield>
			   <marc:subfield code="8">7\p</marc:subfield>
			   <marc:subfield code="8">8\p</marc:subfield>
			   <marc:subfield code="8">9\p</marc:subfield>
			   <marc:subfield code="8">12\p</marc:subfield>
			   <marc:subfield code="8">13\p</marc:subfield>
		</marc:datafield>
		<marc:datafield ind2=" " ind1="1" tag="689">
			   <marc:subfield code="5">AT-OBV</marc:subfield>
			   <marc:subfield code="5">UBSREI</marc:subfield>
			   <marc:subfield code="8">4\p</marc:subfield>
		</marc:datafield>
		<marc:datafield ind2=" " ind1="1" tag="689">
			   <marc:subfield code="5">DE-101</marc:subfield>
			   <marc:subfield code="8">10\p</marc:subfield>
			   <marc:subfield code="8">11\p</marc:subfield>
		</marc:datafield>
		<marc:datafield ind2=" " ind1="1" tag="689">
			   <marc:subfield code="5">DE-101</marc:subfield>
			   <marc:subfield code="5">DE-101</marc:subfield>
			   <marc:subfield code="8">6\p</marc:subfield>
		</marc:datafield>
		<marc:datafield ind2=" " ind1="1" tag="689">
			   <marc:subfield code="5">DE-576</marc:subfield>
			   <marc:subfield code="8">2\p</marc:subfield>
		</marc:datafield>
		<marc:datafield ind2=" " ind1="1" tag="689">
			   <marc:subfield code="5">DE-604</marc:subfield>
			   <marc:subfield code="8">8\p</marc:subfield>
			   <marc:subfield code="8">12\p</marc:subfield>
			   <marc:subfield code="8">13\p</marc:subfield>
		</marc:datafield>
		<marc:datafield ind2=" " ind1="1" tag="689">
			   <marc:subfield code="5">DE-605</marc:subfield>
			   <marc:subfield code="8">7\p</marc:subfield>
			   <marc:subfield code="8">9\p</marc:subfield>
		</marc:datafield>
		<marc:datafield ind2="0" ind1="1" tag="689">
			   <marc:subfield code="0">(DE-588)118572350</marc:subfield>
			   <marc:subfield code="0">http://d-nb.info/gnd/118572350</marc:subfield>
			   <marc:subfield code="0">(DE-101)118572350</marc:subfield>
			   <marc:subfield code="D">p</marc:subfield>
			   <marc:subfield code="a">Lévinas, Emmanuel</marc:subfield>
			   <marc:subfield code="d">1906-1995</marc:subfield>
			   <marc:subfield code="8">6\p</marc:subfield>
		</marc:datafield>
		<marc:datafield ind2="0" ind1="1" tag="689">
			   <marc:subfield code="D">p</marc:subfield>
			   <marc:subfield code="0">(DE-588)118572350</marc:subfield>
			   <marc:subfield code="0">(DE-627)135606780</marc:subfield>
			   <marc:subfield code="0">(DE-576)20901315X</marc:subfield>
			   <marc:subfield code="a">Lévinas, Emmanuel</marc:subfield>
			   <marc:subfield code="d">1906-1995</marc:subfield>
			   <marc:subfield code="2">gnd</marc:subfield>
			   <marc:subfield code="8">2\p</marc:subfield>
			   <marc:subfield code="8">11\p</marc:subfield>
		</marc:datafield>
		<marc:datafield ind2="0" ind1="1" tag="689">
			   <marc:subfield code="a">Husserl, Edmund</marc:subfield>
			   <marc:subfield code="d">1859-1938</marc:subfield>
			   <marc:subfield code="0">(DE-588)118555006</marc:subfield>
			   <marc:subfield code="D">p</marc:subfield>
			   <marc:subfield code="8">7\p</marc:subfield>
			   <marc:subfield code="8">8\p</marc:subfield>
			   <marc:subfield code="8">9\p</marc:subfield>
			   <marc:subfield code="8">12\p</marc:subfield>
			   <marc:subfield code="8">13\p</marc:subfield>
		</marc:datafield>
		<marc:datafield ind2="0" ind1="1" tag="689">
			   <marc:subfield code="0">(DE-601)135606780</marc:subfield>
			   <marc:subfield code="0">(DE-588)118572350</marc:subfield>
			   <marc:subfield code="D">p</marc:subfield>
			   <marc:subfield code="a">Lévinas, Emmanuel</marc:subfield>
			   <marc:subfield code="d">1906-1995</marc:subfield>
			   <marc:subfield code="8">10\p</marc:subfield>
		</marc:datafield>
		<marc:datafield ind2="0" ind1="1" tag="689">
			   <marc:subfield code="a">Lévinas, Emmanuel</marc:subfield>
			   <marc:subfield code="d">1906-1995</marc:subfield>
			   <marc:subfield code="0">(DE-588)118572350</marc:subfield>
			   <marc:subfield code="D">p</marc:subfield>
			   <marc:subfield code="8">1\p</marc:subfield>
			   <marc:subfield code="8">4\p</marc:subfield>
		</marc:datafield>
		<marc:datafield ind2="1" ind1="1" tag="689">
			   <marc:subfield code="0">(DE-588)4045791-6</marc:subfield>
			   <marc:subfield code="0">http://d-nb.info/gnd/4045791-6</marc:subfield>
			   <marc:subfield code="0">(DE-101)040457915</marc:subfield>
			   <marc:subfield code="D">s</marc:subfield>
			   <marc:subfield code="a">Philosophie</marc:subfield>
			   <marc:subfield code="8">6\p</marc:subfield>
		</marc:datafield>
		<marc:datafield ind2="1" ind1="1" tag="689">
			   <marc:subfield code="D">s</marc:subfield>
			   <marc:subfield code="0">(DE-588)4045791-6</marc:subfield>
			   <marc:subfield code="0">(DE-627)106200259</marc:subfield>
			   <marc:subfield code="0">(DE-576)209066873</marc:subfield>
			   <marc:subfield code="a">Philosophie</marc:subfield>
			   <marc:subfield code="2">gnd</marc:subfield>
			   <marc:subfield code="8">2\p</marc:subfield>
			   <marc:subfield code="8">11\p</marc:subfield>
		</marc:datafield>
		<marc:datafield ind2="1" ind1="1" tag="689">
			   <marc:subfield code="a">Derrida, Jacques</marc:subfield>
			   <marc:subfield code="d">1930-2004</marc:subfield>
			   <marc:subfield code="0">(DE-588)118677888</marc:subfield>
			   <marc:subfield code="D">p</marc:subfield>
			   <marc:subfield code="8">7\p</marc:subfield>
			   <marc:subfield code="8">8\p</marc:subfield>
			   <marc:subfield code="8">9\p</marc:subfield>
			   <marc:subfield code="8">12\p</marc:subfield>
			   <marc:subfield code="8">13\p</marc:subfield>
		</marc:datafield>
		<marc:datafield ind2="1" ind1="1" tag="689">
			   <marc:subfield code="0">(DE-601)106200259</marc:subfield>
			   <marc:subfield code="0">(DE-588)4045791-6</marc:subfield>
			   <marc:subfield code="D">s</marc:subfield>
			   <marc:subfield code="a">Philosophie</marc:subfield>
			   <marc:subfield code="8">10\p</marc:subfield>
		</marc:datafield>
		<marc:datafield ind2="1" ind1="1" tag="689">
			   <marc:subfield code="a">Philosophie</marc:subfield>
			   <marc:subfield code="0">(DE-588)4045791-6</marc:subfield>
			   <marc:subfield code="D">s</marc:subfield>
			   <marc:subfield code="8">1\p</marc:subfield>
			   <marc:subfield code="8">4\p</marc:subfield>
		</marc:datafield>
		<marc:datafield ind2=" " ind1="2" tag="689">
			   <marc:subfield code="5">AT-OBV</marc:subfield>
			   <marc:subfield code="5">UBSREI</marc:subfield>
			   <marc:subfield code="8">4\p</marc:subfield>
		</marc:datafield>
		<marc:datafield ind2=" " ind1="2" tag="689">
			   <marc:subfield code="5">DE-604</marc:subfield>
			   <marc:subfield code="8">8\p</marc:subfield>
			   <marc:subfield code="8">12\p</marc:subfield>
			   <marc:subfield code="8">13\p</marc:subfield>
		</marc:datafield>
		<marc:datafield ind2=" " ind1="2" tag="689">
			   <marc:subfield code="5">DE-605</marc:subfield>
			   <marc:subfield code="8">7\p</marc:subfield>
			   <marc:subfield code="8">9\p</marc:subfield>
		</marc:datafield>
		<marc:datafield ind2="0" ind1="2" tag="689">
			   <marc:subfield code="a">Lévinas, Emmanuel</marc:subfield>
			   <marc:subfield code="d">1906-1995</marc:subfield>
			   <marc:subfield code="0">(DE-588)118572350</marc:subfield>
			   <marc:subfield code="D">p</marc:subfield>
			   <marc:subfield code="8">7\p</marc:subfield>
			   <marc:subfield code="8">8\p</marc:subfield>
			   <marc:subfield code="8">9\p</marc:subfield>
			   <marc:subfield code="8">12\p</marc:subfield>
			   <marc:subfield code="8">13\p</marc:subfield>
		</marc:datafield>
		<marc:datafield ind2="0" ind1="2" tag="689">
			   <marc:subfield code="a">Derrida, Jacques</marc:subfield>
			   <marc:subfield code="d">1930-2004</marc:subfield>
			   <marc:subfield code="D">p</marc:subfield>
			   <marc:subfield code="0">(DE-588)118677888</marc:subfield>
			   <marc:subfield code="8">4\p</marc:subfield>
		</marc:datafield>
		<marc:datafield ind2="1" ind1="2" tag="689">
			   <marc:subfield code="a">Husserl, Edmund</marc:subfield>
			   <marc:subfield code="d">1859-1938</marc:subfield>
			   <marc:subfield code="0">(DE-588)118555006</marc:subfield>
			   <marc:subfield code="D">p</marc:subfield>
			   <marc:subfield code="8">7\p</marc:subfield>
			   <marc:subfield code="8">8\p</marc:subfield>
			   <marc:subfield code="8">9\p</marc:subfield>
			   <marc:subfield code="8">12\p</marc:subfield>
			   <marc:subfield code="8">13\p</marc:subfield>
		</marc:datafield>
		<marc:datafield ind2="1" ind1="2" tag="689">
			   <marc:subfield code="a">&lt;&lt;Das&gt;&gt; Andere</marc:subfield>
			   <marc:subfield code="D">s</marc:subfield>
			   <marc:subfield code="0">(DE-588)4195640-0</marc:subfield>
			   <marc:subfield code="8">4\p</marc:subfield>
		</marc:datafield>
		<marc:datafield ind2="2" ind1="2" tag="689">
			   <marc:subfield code="a">Lévinas, Emmanuel</marc:subfield>
			   <marc:subfield code="d">1906-1995</marc:subfield>
			   <marc:subfield code="D">p</marc:subfield>
			   <marc:subfield code="0">(DE-588)118572350</marc:subfield>
			   <marc:subfield code="8">4\p</marc:subfield>
		</marc:datafield>
		<marc:datafield ind2=" " ind1="3" tag="689">
			   <marc:subfield code="5">DE-604</marc:subfield>
			   <marc:subfield code="8">8\p</marc:subfield>
			   <marc:subfield code="8">12\p</marc:subfield>
			   <marc:subfield code="8">13\p</marc:subfield>
		</marc:datafield>
		<marc:datafield ind2=" " ind1="3" tag="689">
			   <marc:subfield code="5">DE-605</marc:subfield>
			   <marc:subfield code="8">7\p</marc:subfield>
			   <marc:subfield code="8">9\p</marc:subfield>
		</marc:datafield>
		<marc:datafield ind2="0" ind1="3" tag="689">
			   <marc:subfield code="a">Heidegger, Martin</marc:subfield>
			   <marc:subfield code="d">1889-1976</marc:subfield>
			   <marc:subfield code="0">(DE-588)118547798</marc:subfield>
			   <marc:subfield code="D">p</marc:subfield>
			   <marc:subfield code="8">7\p</marc:subfield>
			   <marc:subfield code="8">8\p</marc:subfield>
			   <marc:subfield code="8">9\p</marc:subfield>
			   <marc:subfield code="8">12\p</marc:subfield>
			   <marc:subfield code="8">13\p</marc:subfield>
		</marc:datafield>
		<marc:datafield ind2="1" ind1="3" tag="689">
			   <marc:subfield code="a">Derrida, Jacques</marc:subfield>
			   <marc:subfield code="d">1930-2004</marc:subfield>
			   <marc:subfield code="0">(DE-588)118677888</marc:subfield>
			   <marc:subfield code="D">p</marc:subfield>
			   <marc:subfield code="8">7\p</marc:subfield>
			   <marc:subfield code="8">8\p</marc:subfield>
			   <marc:subfield code="8">9\p</marc:subfield>
			   <marc:subfield code="8">12\p</marc:subfield>
			   <marc:subfield code="8">13\p</marc:subfield>
		</marc:datafield>
		<marc:datafield ind2=" " ind1="4" tag="689">
			   <marc:subfield code="5">DE-604</marc:subfield>
			   <marc:subfield code="8">8\p</marc:subfield>
			   <marc:subfield code="8">12\p</marc:subfield>
			   <marc:subfield code="8">13\p</marc:subfield>
		</marc:datafield>
		<marc:datafield ind2=" " ind1="4" tag="689">
			   <marc:subfield code="5">DE-605</marc:subfield>
			   <marc:subfield code="8">7\p</marc:subfield>
			   <marc:subfield code="8">9\p</marc:subfield>
		</marc:datafield>
		<marc:datafield ind2="0" ind1="4" tag="689">
			   <marc:subfield code="a">Heidegger, Martin</marc:subfield>
			   <marc:subfield code="d">1889-1976</marc:subfield>
			   <marc:subfield code="0">(DE-588)118547798</marc:subfield>
			   <marc:subfield code="D">p</marc:subfield>
			   <marc:subfield code="8">7\p</marc:subfield>
			   <marc:subfield code="8">8\p</marc:subfield>
			   <marc:subfield code="8">9\p</marc:subfield>
			   <marc:subfield code="8">12\p</marc:subfield>
			   <marc:subfield code="8">13\p</marc:subfield>
		</marc:datafield>
		<marc:datafield ind2="1" ind1="4" tag="689">
			   <marc:subfield code="a">Lévinas, Emmanuel</marc:subfield>
			   <marc:subfield code="d">1906-1995</marc:subfield>
			   <marc:subfield code="0">(DE-588)118572350</marc:subfield>
			   <marc:subfield code="D">p</marc:subfield>
			   <marc:subfield code="8">7\p</marc:subfield>
			   <marc:subfield code="8">8\p</marc:subfield>
			   <marc:subfield code="8">9\p</marc:subfield>
			   <marc:subfield code="8">12\p</marc:subfield>
			   <marc:subfield code="8">13\p</marc:subfield>
		</marc:datafield>
	</marc:record>
</marc:collection>
